2948 5078
368 348 374 359 ’
405 360 717 452 Aruernos
755 351 868 444 Lra.
894 350 993 443 11.··
1103 385 1194 481 171

135 561 377 650 Vestibulum
390 575 474 640 ante
488 555 612 666 ipsum
626 557 826 666 primoque
840 552 879 631 in
894 551 1026 635 limine
1041 548 1206 663 Pyrrhus

135 707 304 804 Exultat,
336 702 418 784 telis
436 716 473 780 et
491 697 575 779 luce
588 696 761 779 coruscus
778 692 909 776 ahena.
1115 721 1206 808 470

135 847 269 955 Qalis
287 843 353 925 ubi
370 843 411 923 in
424 840 550 920 lucem
569 839 736 934 coluber,
767 834 868 916 mala
885 837 1052 945 gramim
1071 834 1207 947 pastus,

137 966 290 1097 Frigida
306 982 374 1065 sub
392 1001 487 1062 terra
499 978 693 1061 tumidum
710 1004 827 1089 quem
841 976 975 1058 bruma
987 978 1147 1088 tegebat,

20 1157 24 1166 ·
137 1130 258 1214 Nunc
276 1125 398 1238 pofitis
416 1150 535 1204 novus
553 1121 708 1223 exuviis,
742 1119 951 1229 nitidusque
958 1121 1125 1230 juventa,

138 1267 304 1350 Lubrica
320 1261 509 1345 convolvit
525 1261 668 1342 sublato
685 1263 834 1370 ped’tore
844 1279 946 1371 terga

138 1388 292 1489 Arduus
306 1407 354 1485 ad
371 1404 502 1506 solem,
531 1421 568 1484 et
586 1401 723 1511 linguis
735 1401 851 1482 micat
861 1429 924 1483 ore
935 1401 1102 1489 trisulcis.
1118 1409 1207 1521 47‘5

87 1630 92 1639 ,
139 1552 230 1631 Una
249 1549 379 1657 ingens
397 1543 589 1658 Periphas,
621 1562 660 1628 et
676 1571 864 1655 equorum
874 1545 1029 1653 agitator
1046 1547 1208 1633 Achillis
1271 1588 1273 1595 ⁴

140 1691 321 1798 Armiger
336 1687 605 1785 Automedom
636 1714 712 1768 una
729 1683 853 1767 omnis
872 1687 998 1796 Scyria
1015 1687 1134 1798 pubes

143 1830 358 1914 Succedunt
371 1831 483 1926 tetro,
513 1845 552 1910 et
562 1826 734 1909 flammas
753 1827 802 1908 ad
819 1827 986 1912 culmina
996 1833 1150 1936 jactant.

142 1969 224 2082 Ipse
236 1971 332 2052 inter
348 1968 504 2079 primos,
533 1985 703 2078 correpta
720 1968 813 2050 dura
829 1967 982 2076 bipenni
1244 2058 1252 2069 ,

142 2110 297 2192 Limina
310 2108 532 2222 perrumpit,
563 2106 757 2218 postesque
773 2105 957 2188 acardine
977 2109 1080 2195 vellit
1121 2112 1211 2222 4'8o

142 2252 322 2332 Aeratos:
349 2250 507 2358 jamque
524 2247 644 2329 excisa
653 2248 755 2330 trabe
770 2245 879 2329 firma
888 2251 1031 2332 cavavit

116 2443 120 2452 ·
141 2388 311 2488 Robora,
340 2407 378 2469 et
396 2388 590 2498 ingentem
610 2387 687 2470 lato
706 2388 810 2471 dedit
827 2417 890 2468 ore
907 2386 1121 2480 fenestram.
1202 2498 1207 2506 .

143 2532 314 2642 Apparet
330 2504 468 2613 domus
485 2531 598 2630 intus,
630 2549 667 2610 et
683 2531 773 2609 atria
786 2528 896 2635 longa
909 2531 1124 2637 patescunt:

150 2672 347 2782 Apparent
360 2669 500 2746 Priami
516 2685 553 2747 et
566 2683 734 2745 veterum
746 2664 946 2774 penetralia
964 2695 1121 2776 regum:

147 2805 400 2915 Armatosque
420 2804 547 2886 vident
559 2803 692 2884 stantes
710 2804 751 2884 in
770 2803 901 2885 limine
913 2806 1049 2914 primo.
1125 2811 1211 2922 485

209 2946 265 3024 At
285 2943 423 3025 domus
439 2944 590 3025 interior
610 2943 754 3054 gemitu
775 2943 983 3056 miseroque
1000 2951 1167 3034 tumultu

144 3083 340 3184 Miscetur,
372 3084 590 3197 penitusque
606 3112 716 3167 cavae
735 3084 972 3197 plangoribus
990 3089 1098 3172 aedes

144 3224 359 3306 Focmineis
376 3222 534 3310 ululant.
566 3224 651 3307 ferit
661 3252 772 3305 aurea
788 3225 904 3305 fidera
921 3225 1077 3313 clamor.

145 3368 257 3446 Tum
275 3365 428 3475 pavidae
438 3366 544 3447 testis
558 3383 693 3448 matres
703 3365 915 3476 ingentibus
931 3386 1073 3468 errant,

150 3504 440 3618 Amplexaequc
451 3525 579 3588 tenent
592 3507 725 3618 postes,
734 3526 847 3618 atque
857 3507 981 3592 oscula
992 3511 1215 3625 figunt4'90

146 3645 263 3727 Instat
274 3647 311 3724 vi
323 3649 440 3758 patria
453 3647 640 3757 Pyrrhum
671 3676 741 3731 nec
753 3647 921 3749 claustra,
950 3678 1073 3761 noque
1087 3653 1156 3763 ips1

147 3784 330 3866 Custodes
341 3785 491 3869 sufferre
504 3787 638 3869 valent.
669 3786 769 3868 labat
783 3787 893 3869 ariete
903 3789 1035 3872 crebro
1126 3880 1129 3884 Δ

152 3925 288 4032 Janua,
321 3945 358 4008 et
377 3929 495 4009 emoti
516 3929 771 4039 procumbunt
787 3929 936 4010 cardine
954 3931 1091 4042 postes.
1153 3982 1157 3989 ·

148 4066 211 4146 Fit
224 4067 283 4146 via
300 4066 365 4149 vi:
395 4087 578 4180 rumpunt
588 4069 723 4170 aditus,
755 4070 969 4181 primosque
982 4073 1170 4157 trucidant

149 4204 308 4291 Immffi
323 4206 459 4309 Danai,
492 4225 528 4292 et
540 4205 611 4292 late
630 4206 712 4295 loca
726 4206 846 4294 milite
857 4207 1063 4323 complent.
1127 4241 1184 4320 49
1192 4239 1216 4322 ς

1123 4349 1218 4434 Non
