2948 5078
366 312 729 430 Gronorcn
771 277 1003 424 errll.
1156 358 1224 462 73

144 524 561 645 Caeditunincultiqu'e
579 544 728 615 exercet
748 555 839 610 cura
853 525 987 612 salicti.
1131 549 1222 651 413
1239 562 1242 569 ·

146 686 238 794 Jam
255 681 400 765 vinctae
417 678 534 761 vites:
559 678 643 787 jam
659 672 799 755 falcem
817 669 1192 783 arbuta‘reponunr:
1215 759 1220 766 ,

145 829 237 936 Jam
252 825 353 908 canit
371 840 560 905 extremos
576 815 734 901 effoetus
750 813 888 896 vinitor
904 827 1018 900 antes.
1228 924 1231 936 ⁴

146 957 386 1042 Sollicitanda
399 976 527 1040 tamen
538 952 662 1053 tellus,
680 949 875 1062 pulvisque
888 951 1120 1035 movendus:
1220 1035 1223 1041 ,

146 1100 199 1183 Et
211 1101 295 1210 jam
311 1100 466 1182 maturis
483 1096 705 1180 metuendus
718 1094 866 1205 Jupiter
884 1095 980 1177 uvis.

74 1264 79 1274 ‘
148 1243 304 1342 Contra,
324 1270 401 1325 non
420 1239 499 1321 ulla
517 1239 571 1320 est
589 1238 681 1320 oleis
697 1235 861 1318 cultura:
893 1264 1015 1346 neque
1027 1237 1113 1320 illae
1134 1266 1223 1348 4²0

149 1381 379 1465 Procurvam
395 1383 595 1492 expediant
612 1377 752 1460 falcem
771 1377 978 1489 rastrosque
994 1397 1156 1488 tenaceS,
1248 1442 1257 1459 .

150 1520 257 1601 Cum
269 1520 383 1602 semel
404 1519 600 1602 haeserunt
615 1518 723 1616 arvis,
742 1517 921 1626 aurasque
935 1517 1112 1607 tulerunt.

150 1660 236 1772 lpsa
253 1660 336 1744 satis
352 1660 474 1761 tellus,
489 1690 580 1744 curn
591 1660 702 1743 dente
714 1659 917 1747 recluditur
933 1689 1046 1760 unco,
1224 1672 1229 1749 i

153 1800 301 1885 Sufficit
316 1800 534 1903 humorem,
553 1820 591 1885 et
607 1799 775 1912 gravidas
785 1827 878 1882 cum
889 1828 1040 1884 vomere
1050 1800 1191 1914 frugea'

151 1942 243 2025 Hoc
258 1943 442 2055 pinguem
455 1961 494 2026 et
509 1942 687 2057 placitam
703 1940 787 2052 paci
801 1941 959 2025 nutritor
970 1943 1122 2026 olivam.
1137 1973 1194 2051 42
1202 1972 1227 2059 ς

152 2081 275 2165 Poma
287 2111 454 2194 quoque,
468 2086 687 2196 utprimum
698 2101 847 2164 truncos
861 2079 1000 2164 sensere
1019 2081 1196 2188 valenter,

151 2223 206 2309 Et
217 2218 313 2306 vire's
331 2223 495 2308 habuere
514 2226 608 2325 suas,
627 2225 676 2310 ad
692 2223 808 2310 fidera
827 2226 966 2336 raptim
1089 2292 1092 2297 -
1219 2270 1226 2283 ·

153 2361 207 2445 Vi
225 2364 374 2476 propria
392 2365 573 2467 nituntur,
592 2365 746 2479 opisque
756 2365 860 2452 haud
880 2367 1007 2478 indiga
1024 2369 1197 2454 nostrae..

152 2502 241 2588 Nec
258 2505 384 2590 minus
403 2507 542 2594 interea
553 2507 658 2592 foetu
672 2533 808 2590 nemus
819 2533 934 2587 omne
952 2507 1140 2614 gravescit,

152 2646 443 2757 sanguineisque
454 2648 594 2731 inculta
613 2645 749 2727 rubent
766 2643 902 2726 aviaria
920 2643 1057 2727 baccis.
1141 2670 1229 2753 430

154 2785 381 2866 Tondentur
398 2787 516 2895 cytifi,
535 2785 658 2868 taedas
675 2783 775 2892 sylva
786 2781 860 2864 alta
873 2782 1071 2883 ministrat,

153 2922 434 3033 Pascunturque
450 2927 554 3033 ignes
574 2923 760 3023 nocturni,
779 2941 818 3006 et
833 2923 980 3008 lumina
993 2925 1170 3012 fundunt.

152 3063 206 3151 Et
217 3062 390 3143 dubitant
401 3061 576 3146 homines
589 3066 717 3164 serere,
726 3082 839 3175 atque
850 3065 1067 3175 impendere
1075 3068 1230 3151 curam?

155 3202 264 3304 Quid
278 3202 420 3312 majora
436 3201 593 3316 sequar?
614 3203 752 3304 salices,
767 3202 1005 3314 humilesque
1011 3201 1186 3313 genistae,

157 3353 241 3431 Aut
253 3345 338 3428 illae
358 3346 486 3458 pecori
506 3344 695 3449 frondem,
707 3365 773 3431 aut
787 3345 993 3460 pastoribus
1009 3345 1175 3446 umbras,

158 3487 381 3587 Sufficiunt;
407 3491 608 3601 sepemque
622 3488 717 3591 satis,
735 3506 775 3573 et
790 3488 928 3600 pabula
944 3486 1062 3572 melli.
1144 3515 1174 3596 4
1179 3487 1234 3601 36

158 3633 211 3716 Et
223 3632 328 3741 juvat
346 3630 556 3715 undantem
573 3630 680 3714 buxo
693 3631 855 3742 spectare
871 3632 1073 3740 Cytorum,
1228 3708 1232 3713 .

158 3769 421 3881 Naryciaeque
434 3770 527 3883 picis
539 3770 668 3856 lucos:
695 3770 806 3879 juvat
818 3797 905 3852 arva
915 3767 1053 3867 videre,

159 3910 254 3995 Non
271 3909 391 3993 rastris
408 3908 628 4011 hominurn,
646 3937 725 3995 non
741 3909 811 3994 ulli
827 3906 993 3995 obnoxia
1009 3909 1134 3996 curae'
1229 3922 1235 3995 ἶ

160 4053 265 4164 ipsae
283 4053 472 4141 Caucaseo,
488 4051 830 4139 sterilesiuvertice
848 4049 1020 4162 sylvae„
1149 4074 1239 4158 440
1360 4054 1364 4061 ’

160 4193 267 4314 Q
282 4193 442 4313 animi
461 4194 544 4294 euri
560 4194 700 4314 effidae
715 4192 971 4316 rumque
988 4189 1245 4419 &mutuat
