2948 5078
367 393 683 487 Gnonmcn
737 390 856 482 L1u
892 391 928 485 1.
1125 427 1190 522 45

128 595 224 676 Non
240 593 355 692 aliter,
369 621 485 703 quarn
499 594 566 703 qui
587 591 733 672 adverso
751 591 814 671 vix
832 590 989 671 flumine
1009 588 1182 675 lembum

133 730 317 839 Remigiis
330 731 490 839 subigit:
521 732 548 810 fi
567 729 714 810 brachia
727 729 821 809 sorte
839 731 987 826 remisit,

131 869 258 975 Atque
273 868 388 951 illum
405 871 445 950 in
463 897 635 980 praeceps
652 896 771 977 prono
786 869 881 978 rapit
898 867 1022 950 alveus
1034 873 1147 952 amni.
1298 961 1304 974 ‚

131 1005 320 1088 Praeterea
333 1024 413 1089 tarn
425 1007 507 1090 sunt
519 1007 672 1087 Areturi
684 1006 797 1086 fidera
810 1007 916 1086 nobis

130 1141 694 1252 Hoedorumquediesservandi,
706 1162 742 1224 et
758 1145 902 1227 lucidus
919 1149 1085 1254 Anguis3
1109 1178 1162 1232 20
1170 1180 1194 1261 ς

130 1283 262 1379 Quam
279 1283 414 1392 quibus
431 1285 470 1365 in
487 1286 644 1394 patriam
654 1286 801 1366 ventosa
814 1315 879 1394 per
899 1315 1057 1395 aequora
1068 1283 1198 1371 veetis'

130 1419 273 1500 Pontus
290 1439 327 1500 et
343 1421 499 1503 ostriferi
517 1424 642 1504 fauces
662 1442 845 1503 tentantur
864 1424 1005 1532 Abydi.

22 1632 26 1637 .
132 1555 250 1635 Libra
270 1555 329 1635 die
342 1556 537 1667 somnique
551 1587 654 1669 pares
671 1561 736 1637 ubi
752 1560 879 1640 fecerit
895 1562 1014 1661 horas,

130 1693 184 1775 Et
201 1694 372 1777 medium
385 1694 467 1777 luci·
478 1716 588 1807 atque
603 1698 744 1779 umbris
751 1700 834 1803 jam
851 1701 988 1783 dividet
1003 1704 1158 1787 orbem:

130 1837 325 1938 Exercete,
343 1839 423 1936 viri,
442 1856 579 1940 tauros,
594 1841 696 1922 serite
712 1840 858 1923 hordea
870 1848 1024 1954 campis,
1109 1878 1195 1935 210

130 1976 259 2086 Usque
272 1977 339 2059 sub
350 1997 563 2062 extremum
577 1983 731 2062 brumae
745 1984 980 2066 intradtabilis
999 1987 1174 2072 imbrem.

131 2113 314 2194 Necnon
334 2134 372 2196 et
387 2116 453 2196 lini
470 2117 643 2224 segetem,
663 2137 700 2196 et
717 2117 869 2200 Cereale
887 2147 1043 2229 papaver
1191 2215 1196 2222 ¹

130 2255 307 2368 Tempus
337 2256 458 2341 humo
490 2278 625 2369 tegere,
659 2279 695 2342 et
719 2261 950 2371 jamdudum
980 2263 1194 2349 incumbere

318 2405 467 2485 aratris:

133 2534 242 2615 Dum
258 2537 352 2620 sicca
369 2542 498 2623 tellure
514 2542 612 2641 licet,
632 2543 728 2623 dum
745 2542 872 2623 nubila
889 2544 1061 2650 pendent.

132 2675 231 2757 Vere
244 2678 337 2760 fabis
345 2681 453 2765 satio:
469 2701 597 2765 tumte
615 2710 780 2791 quoque,
794 2682 959 2781 Medica,
974 2701 1098 2792 putres
1110 2713 1131 2770 2
1143 2713 1193 2797 15

132 2816 335 2925 Accipiunt
350 2821 439 2903 sulci
456 2864 469 2920 3
500 2841 538 2903 et
556 2822 662 2902 milio
676 2821 776 2900 venit
796 2848 917 2901 annua
934 2851 1046 2908 cura:

132 2955 321 3041 Candidus
339 2966 470 3043 auratis
490 2964 605 3071 aperit
624 2989 714 3041 cum
728 2962 900 3042 cornibus
912 2992 1055 3043 annum

132 3096 292 3196 Taurus,
307 3119 344 3178 et
361 3102 483 3181 averso
496 3102 629 3181 cedens
640 3102 752 3180 Canis
765 3100 900 3180 occidit
913 3101 1021 3185 astr0.

133 3234 228 3316 Atfi
247 3236 429 3315 triticeam
441 3236 480 3315 in
499 3234 653 3315 meffem
671 3234 892 3343 robustaque
909 3235 1007 3316 sarra

133 3374 336 3458 Exercebis
350 3376 528 3477 humum,
543 3375 698 3486 solisque
712 3375 861 3457 instabis
877 3378 1014 3461 aristis:
1110 3408 1196 3467 220

136 3518 239 3597 Ante
258 3519 326 3599 tibi
343 3521 445 3600 ane
464 3519 671 3601 Atlantides
688 3517 965 3617 abscondantur,

134 3655 346 3767 Gnofiaque
360 3660 519 3740 ardentis
536 3658 687 3738 decedat
701 3657 803 3737 stella
822 3686 1003 3758 coronae;

133 3793 275 3875 Debita
292 3828 409 3906 quam
427 3799 534 3881 sulcis
551 3799 762 3879 committas
779 3797 930 3895 semina,
949 3826 1138 3909 quamque

133 3935 279 4017 Invitae
296 3967 467 4048 properes
485 3940 572 4019 anni
584 3941 689 4048 spem
709 3938 857 4020 credere
876 3958 1002 4023 terrae.

133 4071 258 4155 Multi
274 4095 357 4155 ante
376 4080 548 4159 occasum
565 4079 691 4159 Maiae
708 4103 885 4185 coepere:
915 4078 979 4162 sed
994 4077 1077 4161 illos
1110 4102 1197 4182 225

132 4215 339 4329 Expedata
356 4218 455 4330 seges
473 4221 574 4304 vanis
589 4219 693 4301 elufit
704 4215 838 4299 aristis.

1165 4349 1203 4430 Si
