2948 5078
379 347 476 446 180
568 343 629 438 Ρ.
652 343 920 441 vinoun
957 344 1237 449 Maeones

371 547 550 631 Vestrum
569 548 646 633 hoc
640 552 876 664 augurium,
892 552 1116 661 vestroque
1104 581 1146 634 m
1170 550 1328 645 numine
1341 548 1447 633 Τισ-

357 726 367 761 .·
545 690 743 799 Jaest,
1424 717 1436 753 ι

372 825 482 909 Cedo
486 831 695 939 equidem,
718 859 802 928 nee,
825 849 921 928 nate,
945 830 1013 910 tibi
1030 855 1160 911 eomes
1172 829 1225 913 ire
1231 762 1440 914 recuso,

370 963 639 1054 Dixeratille:
669 988 708 1052 et
722 973 807 1078 jam
832 1000 898 1081 per
914 999 1066 1053 moenia
1083 968 1238 1051 clarior
1228 999 1323 1080 igme
1355 999 1415 1084 70
1422 995 1449 1083 5

372 1110 553 1207 Auditur,
570 1111 796 1221 propiusque
807 1111 928 1193 aestus
946 1110 1119 1192 incendia
1139 1111 1305 1197 volvunt

368 1232 479 1355 Ergo
490 1275 572 1355 age,
587 1246 702 1357 chare
713 1267 830 1358 pater,
845 1251 980 1330 cervici
997 1252 1191 1360 imponere
1210 1250 1378 1332 nostrae·

372 1387 458 1496 lpse
476 1386 609 1467 subibo
627 1386 809 1488 humeris,
829 1417 898 1471 nec
915 1419 979 1470 me
999 1392 1104 1473 labor
1125 1391 1191 1475 iste
1208 1390 1433 1500 gravabit.

375 1530 467 1639 Qu
483 1557 541 1613 res
568 1559 720 1641 cunque
751 1516 899 1632 cadent,
925 1561 1046 1615 unum
1074 1552 1112 1614 et
1139 1560 1347 1615 commune
1381 1558 1452 1697 pe-

560 1670 713 1772 riclum,

378 1806 468 1889 Una
487 1810 584 1892 salus
599 1811 785 1894 ambobus
801 1812 883 1893 erit.
915 1811 1013 1893 mihi
1037 1839 1169 1921 parvus
1192 1811 1295 1904 Iulus
1358 1837 1449 1921 710

377 1946 434 2026 Sit
455 1975 595 2047 comes,
613 1968 653 2031 et
673 1951 787 2060 longe
802 1950 918 2033 servet
931 1951 1083 2057 vestigia
1095 1925 1245 2058 conjux}
1301 1978 1324 2006 -1

378 2085 460 2168 Vos
476 2087 625 2188 famuli,
647 2119 745 2200 quae
758 2091 897 2197 dicam,
909 2091 1044 2173 animis
1055 2089 1231 2170 advertite
1242 2086 1384 2168 vestris.⁸
1439 2143 1441 2146 -

376 2225 447 2306 Est
465 2231 557 2311 urbe
574 2231 914 2337 egreffistumulus,
933 2230 1194 2340 templumque
1206 2228 1395 2310 vetustum

376 2360 552 2481 Desertae
568 2369 917 2480 Cereria‚juxtaque
933 2371 1088 2479 antiqua
1108 2371 1307 2480 cupreffus,
1356 2390 1359 2395 ·
1427 2389 1437 2423 '-

373 2504 591 2632 Belligione
607 2528 757 2619 patrum
775 2492 916 2637 multos
933 2512 1069 2591 servata
1084 2539 1148 2620 per
1167 2539 1294 2592 annos.
1358 2540 1451 2625 715

379 2643 494 2728 Hanc
516 2676 565 2728 ex
586 2648 727 2730 diverso
745 2652 873 2732 sedem
892 2654 1083 2731 veniemus
1101 2653 1140 2729 in
1156 2679 1282 2730 unam.

214 2862 217 2869 .
380 2788 460 2887 Tu,
476 2791 633 2896 genitor,
652 2820 743 2901 cape
756 2793 855 2872 uera
869 2822 996 2891 manu,
1017 2791 1224 2900 patriosque
1243 2792 1410 2873 Penates,
1441 2822 1445 2827 ·

379 2925 464 3022 Me,
484 2927 624 3009 beiloe
649 2949 752 3012 tanto
769 2932 972 3040 digreffum
989 2951 1027 3012 et
1045 2932 1157 3011 caede
1171 2933 1320 3028 recenti,

381 3069 589 3167 Attreeiare
603 3073 706 3153 nefas
718 3113 731 3170 3
759 3071 879 3154 donec
894 3103 957 3154 me
971 3073 1127 3156 flumine
1148 3072 1233 3152 vivo

379 3184 562 3298 Ablueru.
1367 3247 1455 3329 720

382 3350 491 3429 Haec
511 3351 619 3450 fatus,
641 3353 733 3434 latos
749 3352 928 3434 humeros
955 3355 1190 3462 subjestaque
1208 3354 1303 3434 eolla

381 3490 493 3569 Veste
513 3490 632 3600 super,
650 3491 821 3602 fulvique
836 3493 1014 3575 insternor
1028 3495 1124 3604 pelle
1143 3493 1270 3588 leoniS,

383 3631 628 3740 Succedoque
647 3636 763 3727 oneri.
795 3633 944 3715 dextrae
962 3634 999 3715 se
1019 3662 1152 3743 parvus
1172 3632 1275 3714 Iiilus

382 3774 589 3881 Implicuit,
615 3776 852 3886 sequiturque
872 3795 1017 3885 patrem
1035 3804 1112 3855 non
1134 3775 1294 3886 paffibus
1320 3779 1462 3884 aequiS.

381 3909 594 4030 Ponesubit
605 3921 757 4024 conjux.
789 3917 946 3998 ferimur
954 3945 1142 4028 peropaca
1156 3918 1337 3999 locorum.
1371 3948 1425 4030 72
1437 3949 1460 4030 ς

382 4049 435 4128 Et
455 4052 530 4147 me,
553 4036 671 4156 quem
690 4054 838 4132 dudum
859 4080 936 4132 non
959 4055 1034 4136 ulla
1055 4058 1188 4165 injeeia
1210 4060 1415 4138 movebant

384 4171 494 4274 Tela,
517 4200 639 4293 neque
663 4174 813 4283 adverso
830 4176 1026 4286 glomerati
1041 4209 1089 4262 ex
1102 4184 1255 4292 agmine
1271 4183 1391 4275 Graii,
1431 4253 1433 4256 ,

1342 4318 1463 4402 Nunc
