2948 5078
373 281 971 384 Gronorcn.L1n1.
1136 297 1205 422 μ’

127 500 232 579 Cum
250 492 377 575 medio
390 472 525 575 celeres
534 489 699 572 revolant
711 516 760 569 ex
774 500 933 598 aequore
945 490 1080 600 mergi,

127 637 420 743 clamoremque
435 632 561 715 ferunt
574 631 622 710 ad
635 629 754 725 litora,
772 655 938 738 cumque
957 631 1125 712 trutinae

124 779 173 859 In
190 775 287 855 liceo
305 772 442 855 ludunt
458 769 616 851 fulicae:
648 767 828 877 notasque
845 768 1000 878 paludes
1052 758 1055 764 ⁶

123 911 283 1016 Deserit,
303 929 415 1021 atque
432 908 547 991 altam
560 908 668 1018 supra
685 906 785 988 volat
801 906 910 989 ardea
921 910 1077 992 nubem.

123 1057 238 1166 Saepe
255 1055 370 1136 etiam
389 1052 524 1152 stellas,
542 1068 653 1135 vento
665 1048 920 1159 impendente,
933 1053 1074 1135 videbis
1109 1056 1162 1166 36
1169 1078 1193 1166 ς

123 1197 347 1305 Praecipites
362 1195 471 1275 coelo
488 1192 576 1289 labi,
594 1191 786 1299 nucusque
803 1220 870 1301 per
886 1193 1063 1276 umbram

124 1335 388 1416 Flammarum
405 1333 572 1443 longosa
590 1350 695 1442 tergo
713 1329 894 1412 albescere
911 1337 1074 1432 nauus,

123 1476 239 1584 Saepe
253 1473 376 1553 levem
393 1473 540 1583 paleam
554 1488 592 1551 et
605 1469 761 1552 frondes·
770 1471 922 1552 volitare
942 1471 1116 1573 caducas,

124 1616 207 1695 Aut
226 1613 520 1692 summanantes
532 1611 573 1691 in
591 1637 689 1718 aqua
705 1609 892 1692 colludere
901 1611 1061 1722 plumas.

122 1754 177 1834 At
193 1751 500 1862 boreaedeparu
516 1747 1081 1849 uuoscumfirlnrioaeetcmr
1105 1755 1194 1868 37⁶

121 1896 289 2004 Eurique
309 1893 542 2007 zephyrique
560 1909 665 1973 tonat
681 1891 838 1992 domus3
858 1899 987 1976 omnia
998 1896 1117 2006 plenia

121 2035 226 2115 Rura
243 2051 368 2114 natant
385 2032 500 2133 foffis,
516 2050 631 2142 atque
650 2031 776 2113 omnir
790 2034 912 2114 navita
927 2051 1047 2144 ponto

121 2175 384 2257 Humidavela
397 2175 499 2285 legit·
530 2200 742 2283 numquam
749 2173 1175 2286 unpmdertiursimber

123 2316 270 2397 Obfirit.
300 2315 707 2425 autillum-furgenoem
719 2304 877 2400 nullibus
892 2298 981 2402 imin

120 2456 255 2538 A'e‘riae
267 2456 396 2567 fugere
412 2485 539 2568 grues:
570 2476 635 2538 mut
649 2458 786 2540 bucula
798 2459 950 2542 coelum
1102 2490 1190 2578 375

120 2595 338 2705 Suspiciens,
354 2597 489 2706 patulis
502 2601 667 2709 captavit
679 2599 831 2679 narium
843 2627 970 2681 aerae:

24 2780 27 2792 ·
121 2739 203 2816 Aut
215 2753 342 2844 arguta
356 2736 456 2819 lacus
470 2737 782 2821 circumvolitavit
794 2736 978 2820 hirudo:

119 2878 171 2957 Et
182 2893 345 2959 veterem
359 2879 399 2958 in
419 2879 512 2960 limo
525 2906 633 2959 ranae
650 2877 816 2959 cecinere
836 2879 1039 2989 querelam.
1061 2934 1064 2939 -

122 3019 271 3130 &opius
283 3038 321 3100 et
336 3023 442 3101 tetris
456 3020 704 3131 penetralibus
721 3021 852 3102 excolu
869 3045 939 3103 ova

119 3160 337 3271 Angustum
353 3159 510 3242 formica
527 3177 647 3240 terens
659 3162 748 3255 iter3
780 3179 818 3238 et
833 3161 929 3240 bibit
945 3162 1075 3269 ingane
1101 3161 1187 3272 380

120 3303 261 3386 Arcus:
293 3321 366 3385 ete
385 3301 491 3413 pastu
506 3299 689 3391 decedens
704 3300 854 3410 agmine
862 3324 1007 3409 magno
1079 3324 1085 3341 ³

120 3443 334 3524 Corvorum
352 3444 534 3554 increpuit
554 3439 671 3522 denfis
685 3440 865 3522 exmcitrre
881 3441 960 3524 alis·

119 3582 208 3687 Jam
228 3585 342 3664 varias
361 3585 483 3696 pelagi
500 3584 680 3683 volueres,
693 3600 733 3661 et
752 3606 848 3692 quae
865 3581 954 3663 Afia
970 3584 1116 3664 circum
1136 3647 1139 3652 ,
1288 3602 1293 3611 ·

122 3720 306 3805 Dulcibus
319 3725 358 3805 in
374 3724 508 3834 stagnis
519 3724 818 3832 rirnantur‘prata
831 3723 989 3830 Caystri,

73 3912 76 3917 -
123 3864 305 3946 Certatim
321 3868 442 3977 largos
460 3865 626 3980 lammis
638 3864 834 3946 munuera
850 3884 972 3964 rorem
1104 3868 1158 3980 38
1166 3896 1190 3978 ς

122 4005 242 4087 Nunc
257 4024 369 4115 caput
384 4004 566 4117 objedare
584 4006 705 4118 fretis,
717 4008 1024 4091 nuncmtnerein
1040 4009 1170 4106 undae,

123 4147 175 4227 Et
192 4145 314 4229 studio
331 4135 789 4252 inemunvlde'asgelo're
802 4142 962 4231 kumei.

627 4282 720 4368 Ea
1028 4292 1036 4306 ·
1089 4279 1199 4361 Turn
