2948 5078
402 358 761 453 Aruernos.
804 349 936 444 Lra.
972 299 1010 445 1ss
1067 416 1073 429 ,
1160 386 1257 486 137

197 560 426 648 Ominibus:
456 557 519 639 sed
535 583 647 665 regna
668 552 765 663 Tyri
783 579 981 661 germanus
1001 551 1163 637 habebat
1184 586 1206 670 3
1214 548 1267 672 50'

197 700 435 814 Pygmalion,
461 696 594 778 scelere
606 711 691 775 ante
707 692 797 773 alios
812 692 1014 776 immanior
1025 688 1170 779 omnes.

196 848 306 955 Qos
323 843 418 925 inter
435 838 581 919 medius
599 835 700 917 venit
717 831 834 915 furor}
857 833 920 915 ille
934 833 1147 934 sichaeum,

195 981 344 1093 Impius
360 996 445 1062 ante
459 1002 551 1071 aras,
581 992 693 1082 atque
712 972 792 1054 auri
809 1001 942 1055 caecus
959 1004 1099 1076 amore,
1189 1023 1190 1026 κ
1266 982 1305 991 ‘'

197 1119 311 1202 Clam
328 1119 426 1200 ferro
443 1117 636 1197 incautum
655 1112 812 1222 superat,
842 1113 990 1196 securus
1009 1120 1186 1198 amorum

197 1261 428 1342 Germanae:
444 1257 662 1364 fastumque
675 1253 741 1334 diu
754 1254 897 1354 celavit,
911 1276 1124 1368 etaegram,
1179 1288 1200 1372 3
1210 1285 1264 1373 55

198 1399 328 1480 Multa
346 1397 466 1480 malus
484 1395 671 1492 sunulans‚
701 1422 795 1473 vana
812 1394 875 1503 spe
892 1395 977 1478 lufit
992 1418 1194 1506 amantem.

199 1539 283 1649 Ipsa
300 1539 363 1619 sed
383 1539 422 1617 in
439 1535 577 1618 somnis
597 1533 784 1616 inhumati
804 1534 904 1615 venit
923 1537 1051 1649 imago

199 1679 392 1788 Conjugis,
420 1703 485 1759 ora
501 1676 624 1756 modis
640 1673 810 1756 attollens
828 1672 964 1784 pallida
981 1679 1109 1760 miris:

201 1819 379 1901 Crudeles
396 1845 486 1915 aras,
518 1817 739 1926 trajedtaque
757 1817 907 1925 pectora
926 1818 1023 1899 ferro

200 1959 383 2057 Nudavit‚
393 1985 622 2067 caecumque
635 1956 771 2036 domus
783 1955 898 2038 scelus
911 1986 1024 2040 omne
1035 1961 1177 2041 retexit.
1189 1948 1272 2072 360'

200 2099 310 2178 Tum
328 2097 484 2179 celerare
501 2095 646 2204 sugam,
679 2095 870 2205 patriaque
887 2096 1065 2178 excedere
1083 2100 1222 2202 suadet,

202 2240 478 2348 Auxiliumque
498 2238 577 2317 viae
594 2255 733 2316 veteres
753 2232 884 2317 tellure
901 2237 1058 2321 recludit

202 2377 426 2475 Thesaurm‚
457 2377 631 2485 ignotum
647 2376 787 2486 argenti
805 2379 951 2489 pondus
968 2398 1006 2460 et
1024 2384 1117 2465 auri.

202 2517 276 2599 His
296 2537 500 2617 commota,
526 2519 657 2626 fugam
673 2519 777 2596 Dido
795 2516 982 2625 sociosque
998 2520 1160 2626 parabat.

203 2659 452 2755 Conveniunt,
475 2658 611 2764 quibus
624 2672 688 2734 aut
704 2655 835 2735 odium
848 2654 996 2734 crudele
1010 2658 1170 2763 tyranni,
1184 2662 1238 2771 36
1245 2686 1270 2771 5

203 2800 286 2876 Aut
300 2818 420 2877 metus
434 2823 518 2875 acer
531 2814 630 2876 erat:
663 2821 787 2889 naves,
816 2821 911 2903 quae
925 2795 1020 2876 forte
1036 2816 1193 2906 paratae,
1273 2796 1277 2802 ’

203 2934 433 3043 Corripiunt‚
462 2951 688 3042 onerantque
705 2960 808 3014 auro,
832 2951 1024 3042 portantur
1041 2939 1138 3016 avari

203 3074 458 3185 Pygmalionis
472 3101 559 3183 opes
574 3073 720 3181 pelago.
756 3074 835 3152 dux
853 3073 1019 3155 foemina
1032 3075 1132 3179 sadi.

205 3215 399 3296 Devenere
416 3212 530 3309 locos,
563 3213 629 3292 ubi
647 3237 748 3291 nunc
767 3213 930 3321 ingentia
947 3242 1074 3305 cernes
1185 3220 1272 3329 369

204 3353 374 3453 Moenia,
396 3355 682 3464 surgentemque
700 3380 817 3433 novae
831 3351 1063 3462 Carthaginis
1080 3384 1228 3444 arcem:
1275 3414 1278 3421 -

204 3496 441 3604 Mercatique
456 3495 592 3595 solum,
634 3494 724 3575 fatti
742 3493 789 3574 de
806 3496 959 3577 nomine
973 3497 1139 3606 Byrsam,

205 3636 375 3715 Taurino
395 3653 579 3746 quantum
594 3634 736 3746 possent
756 3635 971 3717 circundare
989 3653 1105 3745 tergo,

206 3771 279 3853 Sed
295 3799 361 3851 vos
378 3775 444 3881 qui
463 3773 643 3856 tandem?
675 3773 814 3881 quibus'
825 3792 888 3853 aut
900 3774 1048 3855 venistis
1065 3776 1112 3855 ab
1128 3777 1213 3876 oris,

204 3910 341 4015 Qrove
359 3912 489 3992 tenetis
505 3913 603 3993 iter?
635 3912 826 4020 quaerenti
846 3912 978 3994 talibus
997 3911 1061 3994 ille
1142 3966 1146 3971 -
1236 3982 1240 3988 .
1280 3916 1284 3924 ’

207 4047 407 4158 suspirans,
439 4051 594 4160 imoque
614 4046 762 4129 trahens
780 4078 802 4130 a
817 4055 967 4161 pedore
984 4080 1145 4137 vocem:
1188 4083 1243 4169 37
1250 4083 1275 4167 ς

203 4189 244 4302 9
261 4189 346 4289 dea,
371 4189 398 4273 fi
416 4193 538 4310 prima
555 4206 723 4314 repetem
740 4191 789 4274 ab
806 4192 948 4310 origine
963 4221 1132 4308 pergam,
1282 4200 1286 4205 ’

1229 4327 1282 4410 Et
