2948 5078
191 388 194 395 .
367 313 718 407 Buconrc'n.
756 311 895 404 Ecn.
928 303 989 406 V.
1155 339 1220 449 ις

146 576 152 587 ⁵
320 648 321 653 '
393 653 837 751 ECLOGA
905 654 964 748 V.

339 878 344 887 ·
459 821 897 907 ununuts.

266 1100 282 1149 ·'
417 1087 698 1182 Mnuancns,
736 1082 933 1171 Morsus.

142 1225 269 1312 Men.
259 1217 593 1432 .‚CUR
505 1254 593 1324 non,
627 1224 775 1335 Mopse,
803 1223 895 1305 boni
918 1223 1101 1337 quoniam
1118 1251 1211 1308 con·

512 1369 684 1449 venimus
704 1365 852 1467 ambo,
965 1401 988 1415 ··

143 1508 211 1605 Τιι
227 1506 389 1588 calamos
407 1506 661 1605 inflareleves,
692 1535 762 1615 ego
775 1506 1058 1608 discereversus,
1197 1580 1199 1585 ,

143 1647 224 1727 Hic
234 1628 371 1755 corylis
389 1628 527 1728 mixtas
542 1629 636 1728 inter
653 1645 878 1727 confidimus
886 1649 1067 1733 ulmosl'

140 1784 264 1870 Mor.
296 1788 363 1867 Tu
381 1787 521 1896 major.
551 1786 620 1868 trbr
632 1812 697 1867 me
713 1786 768 1867 est
783 1792 949 1953 aequum
963 1788 1103 1899 parere,
1116 1786 1209 1872 Me-

323 1929 487 2014 nalca:

142 2067 224 2148 Sive
241 2066 333 2147 sub
322 2085 481 2151 incertas
498 2065 685 2179 Zephyris
702 2069 931 2152 motantibus
944 2068 1107 2169 umbras,
1180 2098 1206 2184 ς

143 2209 226 2288 Sive
239 2226 346 2289 antro
364 2212 487 2320 potius
506 2209 756 2293 succedimus.
787 2194 907 2321 aspice
923 2228 965 2292 ut
976 2191 1126 2292 antrum

141 2344 553 2462 Silvestrisrarissparfit
566 2351 729 2434 labrusca
738 2351 945 2434 racemis.-
1014 2366 1046 2403 -’

141 2485 268 2571 Man.
283 2487 505 2572 Montibus
494 2520 534 2571 ιιι
546 2491 678 2574 nostris
690 2491 787 2573 solus
798 2491 868 2571 t1b1
877 2509 992 2571 certet
1006 2496 1205 2601 Amyntas.

140 2628 261 2714 Mon.
293 2631 411 2733 Quid,
444 2634 593 2715 fiidem
610 2650 724 2715 certet
740 2630 943 2712 Phoebum
962 2632 1129 2827 superare
1143 2659 1208 2714 ca·

262 2829 265 2834 ·
328 2777 530 2859 nendo?

141 2908 267 2992 Mau.
299 2910 442 3026 Incipe,
462 2913 611 3023 Mopse,
630 2915 750 3026 prior3
783 2916 923 3024 srquos
940 2929 1005 2997 aut
1022 2894 1207 3041 Phyllidis
1266 2964 1270 2971 ·

325 3052 442 3162 ignes,
911 3131 914 3141 ,
1151 3080 1204 3134 ιο

142 3189 223 3268 Aut
235 3187 392 3272 Alconis
407 3191 522 3274 habes
535 3191 675 3289 laudes,
704 3209 768 3271 aut
774 3192 898 3299 jurgia
913 3189 1042 3271 Codri.

138 3328 289 3440 Incipe:
321 3331 508 3442 pascentes
526 3327 682 3414 servabit
699 3329 854 3438 Tityrus
866 3310 1022 3412 hoedos.
1166 3374 1173 3383 ·

139 3468 255 3555 Mos.
288 3472 419 3554 Immo
431 3472 539 3571 haec,
554 3474 595 3554 in
610 3471 717 3554 viridi
728 3498 847 3582 nuper
858 3498 953 3581 quae
967 3468 1103 3551 cortice
1116 3466 1193 3577 fagi

16 3660 20 3667 ·
140 3610 319 3693 Carmina
335 3612 518 3725 descripfi,
550 3631 588 3694 et
603 3602 801 3694 modulans
813 3611 952 3694 alterna
966 3609 1103 3708 notavi,
1203 3654 1206 3661 ·

140 3748 349 3859 Experiar:
381 3771 425 3834 tu
442 3753 717 3862 deindcjubeto
734 3768 848 3833 certet
865 3753 1066 3859 Amyntas.
1151 3775 1203 3859 ις

140 3885 269 3974 Man.
299 3893 419 3975 Lenta
438 3891 529 3974 salix
542 3910 727 4002 quantum
748 3889 900 4004 pallenti
913 3890 1012 3971 cedit
1029 3889 1161 3990 olivae,

140 4026 317 4111 Puniceis
335 4031 492 4114 humilis
509 4022 695 4143 quantum
712 4031 872 4113 saliunca
891 4030 1039 4113 rosetis:

142 4170 298 4282 Judicio
309 4175 434 4259 nostro
451 4150 598 4261 tautum
614 4175 684 4262 tibi
702 4174 801 4261 cedit
820 4176 1017 4283 Amyntas.

1088 4308 1211 4395 Mon.
