2948 5078
411 368 506 467 192
583 310 1261 429 P.-Vrne1n11Manours

399 554 576 643 Abstulit.
608 547 840 659 ingeminant
850 546 1015 656 abruptis
1028 547 1191 631 nubibus
1201 548 1327 661 ignes„

398 679 628 763 Excutimur
644 673 766 772 cursu,
792 689 829 752 et
849 672 967 752 caecis
983 698 1149 753 erramus
1166 673 1206 754 in
1228 675 1354 762 undis.
1390 686 1474 766 '20

399 802 484 913 Ipse
509 801 613 881 diem
629 800 857 905 nouemque
879 812 992 903 negat
1006 794 1212 879 discernere
1228 799 1352 900 coelo,

398 944 488 1026 Nec
506 936 714 1020 meminisse
730 937 811 1016 viae
830 935 955 1017 media
971 935 1170 1018 Palinurus
1186 941 1227 1021 in
1243 942 1360 1033 unda.

400 1081 608 1167 Tresadeo
623 1080 911 1160 incertoscaeca
927 1076 1085 1188 caligine
1112 1079 1205 1163 soles

400 1229 582 1310 Erramus
600 1221 756 1332 pelag03
775 1218 933 1301 totidem
946 1219 1022 1301 fine
1037 1210 1152 1302 sidere
1169 1228 1308 1308 nudes.

401 1366 549 1468 Qarto
562 1377 657 1440 terra
673 1359 733 1439 die
744 1359 914 1469 primurn
930 1358 966 1439 se
977 1359 1143 1441 attollere
1159 1363 1314 1444 tandem
1399 1392 1457 1450 20

403 1502 505 1602 Visa,
520 1502 660 1612 aperire
673 1500 804 1612 procul
823 1519 985 1599 montes,
1004 1529 1048 1583 ac
1063 1502 1211 1584 volvere
1228 1502 1400 1589 sumum.

402 1641 501 1723 Vela
517 1642 671 1738 cadunt,
683 1640 796 1721 remis
807 1640 1055 1750 insurgimus:
1087 1640 1191 1722 haud
1205 1664 1427 1744 mora,'nau
1453 1706 1458 1714 ·

404 1785 551 1867 Adniiri
561 1792 736 1893 torquent
755 1782 916 1894 spumas,
930 1803 969 1865 et
981 1783 1133 1865 coerula
1147 1802 1308 1869 verrunt.

406 1925 601 2005 Servatum
618 1950 667 2003 ex
684 1923 794 2003 undis
809 1922 1064 2034 Strophadum
1081 1951 1145 2005 me
1163 1924 1267 2004 litora
1278 1922 1463 2033 primum

405 2064 623 2174 Accipiunt.
636 2062 859 2173 Strophades
872 2064 991 2144 Graio
997 2064 1092 2144 stant
1098 2063 1252 2143 nornine
1262 2062 1386 2145 dietae
1402 2090 1455 2151 21
1471 2123 1474 2134 ·

405 2206 554 2285 Insulae
568 2206 677 2286 Ionio
695 2207 735 2286 in
755 2234 919 2317 magno:
950 2235 1042 2317 quas
1060 2207 1140 2289 dira
1154 2205 1332 2306 Celaeno,
1421 2258 1424 2263 -

407 2347 675 2456 Harpyiaeque
690 2346 821 2428 colunt
837 2349 940 2447 aliae,
974 2347 1135 2430 Phineia
1150 2348 1351 2458 postquam

408 2485 542 2566 Clausa
553 2486 702 2586 domus,
726 2488 942 2596 mensasque
960 2502 1064 2566 metu
1083 2484 1225 2595 liquere
1243 2487 1397 2595 priores.

408 2626 570 2707 Tristius
584 2625 686 2706 haud
702 2625 775 2705 illis
788 2625 1014 2723 monstrum,
1029 2652 1098 2705 nec
1110 2623 1246 2705 saevior
1257 2622 1334 2703 ulla

409 2768 525 2847 Pestis
539 2785 576 2846 et
589 2768 641 2846 ira
652 2768 770 2851 deum
783 2766 917 2874 Stygiis
936 2765 1007 2845 sese
1028 2765 1162 2846 extulit
1181 2765 1303 2846 undis.
1400 2792 1454 2850 21

410 2906 580 3013 Virginei
596 2905 793 2986 volucrum
811 2905 948 3003 vultus,
962 2904 1170 2985 foediffima
1187 2903 1322 2983 ventris

409 3046 613 3144 Proluvies,
630 3073 821 3154 uncaeque
841 3073 987 3150 manus,
1008 3064 1045 3125 et
1058 3044 1196 3155 pallida
1214 3045 1357 3152 semper

412 3190 491 3269 Ora
508 3189 621 3273 farne.
722 3254 726 3261 .
1453 3178 1456 3182 ’

413 3331 504 3409 Huc
523 3332 589 3409 ubi
608 3328 719 3409 delati
740 3347 868 3439 portus
894 3330 1136 3427 intravimus3
1168 3355 1255 3409 ecce

410 3470 527 3548 Laeta
538 3469 658 3550 boum
673 3470 806 3579 paffim
821 3473 965 3580 campis
983 3488 1149 3551 armenta
1160 3468 1343 3561 videmus,
1399 3492 1457 3549 22
1472 3516 1474 3528 ·

411 3608 740 3717 Caprigenumque
756 3637 883 3719 pecus,
904 3611 1009 3691 nullo
1021 3609 1186 3705 custode,
1204 3635 1270 3716 per
1282 3604 1429 3687 herbas.

411 3750 595 3831 irruimus
612 3750 722 3847 ferr0,
740 3770 777 3832 et
794 3755 898 3834 divos
917 3753 1115 3861 ipsumque
1130 3774 1308 3831 vocamus

412 3889 457 3964 In
476 3891 655 3994 praedam
675 3909 895 3998 partemque
909 3894 1059 3995 Jovem.
1092 3907 1176 3970 tum
1190 3890 1296 3967 litore
1314 3913 1434 3966 curvo

411 4028 707 4135 Extruimusque
731 4046 842 4124 toros,
868 4030 1098 4139 dapibusque
1127 4030 1323 4141 epulamur
1338 4030 1474 4137 opimi

412 4174 465 4251 At
478 4165 614 4248 subitae
634 4162 810 4245 horrifico
834 4167 938 4281 lapsu
958 4172 1007 4254 de
1027 4173 1220 4257 montibus
1236 4169 1369 4253 adsunt
1404 4197 1461 4252 22

1286 4307 1474 4421 Harpyia
