2948 5078
399 370 732 476 Aruernos.
779 378 890 475 er.
923 375 1005 473 IV.
1159 378 1259 508 239

195 586 303 668 Voce
315 584 416 685 deos,
434 581 484 664 fic
497 599 534 663 te
569 579 736 691 utposrta
753 577 1113 667 crudelisabell'eml
1261 567 1265 573 ’

195 724 369 807 Exstinxi
393 742 441 822 te,
462 748 611 831 meque,
632 720 744 817 soror,
768 719 1039 831 populumque,
1057 721 1249 835 patresque
1313 736 1316 741 '

198 865 379 960 Sidonios,
394 863 603 969 urbemque
616 880 735 944 tuam.
766 859 862 957 date,
885 856 1040 940 vulnera
1053 858 1239 973 lymphis'

198 1003 380 1098 Abluam‚
398 1019 436 1082 et
452 1019 638 1082 extremus
655 1000 780 1109 fiquis
791 1000 896 1109 super
914 996 1049 1082 halitus
1064 1020 1174 1106 errat,
1269 987 1276 995 ’

199 1147 276 1223 Ore
290 1141 425 1251 legam.
456 1143 506 1222 fic
524 1142 611 1241 fata,
630 1141 765 1250 gradus
787 1139 943 1220 evaserat
959 1141 1066 1243 altos,
1173 1138 1260 1266 ⁶⁸⁵

199 1280 542 1388 semianimemque
556 1278 636 1359 finu
653 1305 872 1387 germanam
884 1279 1058 1389 amplexa
1073 1279 1222 1362 fovebat

198 1419 302 1499 Cum
314 1421 470 1528 gemitu,
486 1435 598 1528 atque
613 1436 709 1500 atros
723 1417 877 1500 liccabat
895 1418 992 1500 veste
1005 1446 1166 1506 cruores.

199 1558 282 1656 illa,
302 1586 429 1669 graves
442 1560 571 1641 oculos
594 1580 725 1642 conata
742 1558 918 1658 attollere,
932 1562 1054 1663 rursus

199 1698 350 1781 Deficit.
379 1701 539 1782 infixum
551 1700 675 1782 stridet
691 1702 760 1783 sub
777 1704 926 1813 pectore
941 1699 1086 1784 vulnus.
1149 1748 1153 1755 ·

202 1845 282 1923 Ter
298 1844 369 1925 sese
388 1845 556 1928 attollens
581 1845 784 1955 cubitoque
803 1845 938 1927 adnixa
950 1842 1110 1930 levavit:
1178 1849 1264 1959 690

200 1985 282 2064 Ter
297 1983 462 2067 revoluta
478 2004 561 2068 toro
573 1983 652 2068 est:
684 1985 874 2096 oculisque
886 1985 1101 2085 errantibus,
1120 1983 1197 2067 alto

199 2124 388 2221 Quaelivit
402 2127 509 2209 coelo
529 2128 668 2226 lucem,
688 2127 945 2238 ingemuitque
965 2146 1119 2240 reperta.
1178 2174 1183 2181 ·
1263 2142 1269 2185 '-

198 2263 308 2344 Tum
321 2265 424 2370 Juno
440 2267 689 2377 omnipotens,
707 2265 868 2376 longum
884 2267 1052 2350 miserata
1065 2264 1246 2365 dolorem,

199 2402 600 2515 Difficilesqueobitus,
614 2410 707 2487 nnn
722 2405 868 2484 demin
882 2404 1063 2516 olympo,
1176 2390 1276 2516 ⁶9⁴?

200 2542 310 2644 Qae
324 2541 529 2623 luctantem
549 2541 716 2621 aninum
733 2541 921 2650 nexosque
933 2542 1126 2624 resolveret
1140 2562 1252 2629 artus.

198 2679 319 2773 Nam,
339 2677 428 2786 quia
444 2704 514 2758 nec
532 2676 624 2774 fato,
649 2676 781 2758 merita
800 2704 870 2758 nec
894 2696 1027 2775 morte,
1047 2681 1202 2789 peribat,
1229 2672 1235 2679 ’

197 2818 269 2900 Sed
282 2817 413 2898 misera
423 2836 509 2900 ante
527 2816 643 2921 diem,
662 2816 856 2928 subitoque
868 2817 1018 2899 accensu
1028 2819 1181 2921 furore·
1271 2844 1274 2849 ·
1423 2875 1427 2884 -

199 2957 387 3041 Nondum
410 2956 464 3036 illi
487 2956 625 3038 flavum
642 2957 857 3067 Proserpina
873 2958 1009 3037 vertice
1029 2960 1173 3041 crinem

151 3085 154 3093 ’
200 3093 424 3192 Abstulerat,
438 3096 638 3206 Stygioque
656 3113 768 3205 caput
781 3095 1018 3176 damnaverat
1031 3098 1145 3181 Orco.

199 3236 303 3343 Ergo
315 3233 384 3315 Iris
402 3236 540 3316 croceis
564 3263 629 3346 per
651 3236 802 3317 coelum
831 3236 970 3317 roscida
988 3240 1142 3345 pennis,-
1173 3268 1263 3353 700

148 3395 151 3401 ·
199 3371 312 3452 Mille
331 3370 479 3454 trahent
493 3374 611 3454 varios
631 3371 779 3454 adverso
802 3373 876 3456 sole
896 3374 1049 3474 colores,

200 3510 374 3611 Devolat,
392 3529 431 3593 et
460 3513 567 3623 supra
590 3529 702 3624 caput
726 3511 861 3599 astitit:
897 3513 999 3597 hunc
1021 3542 1094 3626 ego
1108 3515 1192 3597 Diti
1262 3508 1270 3539 ²

200 3654 355 3735 Sacrum
364 3652 459 3762 julla
475 3653 566 3749 fero,
586 3668 696 3761 teque
715 3652 787 3733 isto
803 3681 956 3766 corpore
968 3654 1080 3738 solvo.

202 3791 263 3871 Sic
282 3793 345 3888 ait,
365 3809 404 3872 et
420 3790 548 3872 dextra
560 3791 703 3871 crinem
720 3791 841 3873 secat:
871 3794 994 3874 omnis
1009 3810 1048 3873 et
1069 3821 1144 3874 una

199 3926 373 4040 Dilapsus
399 3927 510 4027 calor,
529 3945 640 4036 atque
666 3929 706 4010 in
735 3944 862 4011 ventos
890 3931 964 4011 vita
989 3930 1140 4013 recellit.
1174 3963 1229 4047 70
1236 3961 1259 4045 ς

248 4224 251 4229 ·
403 4210 571 4290 Tonrr
614 4209 811 4292 Pnrur
854 4210 1047 4295 Frurs.
