2948 5078
197 324 236 423 6
379 321 433 424 Ρ.
467 308 740 428 vasaten
774 332 1056 440 Maronrs

204 528 369 616 Mecum
386 557 463 613 una
479 530 521 613 in
532 531 642 642 sylvis
659 533 852 641 imitabere
866 539 969 625 Pana
979 546 1160 633 mnendo.

204 667 287 753 Pau
303 669 448 779 primus
460 670 625 755 calamos
642 700 727 754 cera
739 677 964 789 conjungere
983 681 1114 794 plures·

205 807 395 904 Instituit:
423 809 503 893 Pan
520 828 625 894 curat
639 838 739 911 oves,
771 814 1202 933 oviumque-magistros.

206 949 252 1037 N
252 977 297 1034 oc
314 968 353 1035 te
367 952 555 1064 poeniteat
579 953 725 1035 emano
742 953 877 1039 trivisse
893 954 1086 1049 labellum.

202 1089 460 1191 Haeceadem
468 1110 511 1175 ut
518 1093 635 1194 sciret,
645 1093 738 1204 quid
747 1118 822 1175 uon
830 1095 1204 1214 faciebatAmyntas?
1220 1137 1241 1223 3
1250 1138 1280 1221 ς·

207 1230 278 1313 Est
292 1232 390 1317 mibi
404 1234 606 1344 disparibus
624 1234 767 1344 septem
778 1242 976 1347 compasta
993 1242 1126 1328 cicutis

203 1371 362 1473 Fistula,
389 1372 593 1455 Damoetas
609 1371 821 1456 donomihi
841 1405 958 1489 quam
979 1382 1083 1466 dedit
1101 1388 1216 1475 olim:

208 1510 263 1601 Et
277 1511 387 1609 dixit,
408 1511 590 1594 moriens:
623 1512 685 1593 Te
703 1542 804 1596 nuuc
823 1514 937 1601 habet
950 1519 1018 1603 ista
1030 1523 1250 1613 secuudum.

209 1651 323 1737 Dixit
335 1656 561 1743 Damoetas:
595 1657 727 1737 invidit
746 1657 879 1740 stultus
896 1663 1095 1770 Amyntas.

209 1794 401 1877 Praeterea
417 1794 506 1891 duo,
539 1822 610 1877 nec
627 1812 706 1873 tuta
723 1794 821 1873 mihi
839 1796 934 1876 valle
945 1805 1081 1909 reperti
1220 1836 1279 1917 40

211 1934 400 2046 Capreoli,
431 1933 556 2043 sparsis
569 1935 683 2018 etiam
704 1961 804 2014 nuuc
818 1934 978 2045 pellibus
995 1937 1095 2039 albo,

202 2077 308 2193 ,Bina
324 2077 384 2159 die
398 2076 534 2157 siccant
551 2074 630 2157 ovis
648 2075 783 2157 ubera:
816 2065 913 2185 quos
932 2077 1002 2158 tibi
1019 2080 1134 2168 servo.

125 2272 157 2315 n
210 2217 561 2331 Jampridemame
573 2214 656 2297 illos
672 2214 856 2297 abducere
870 2215 1062 2330 Thestylis
1075 2241 1176 2306 orat:
1242 2318 1244 2323 λ

210 2360 266 2443 Et
275 2359 406 2443 saciet:
439 2358 620 2467 quoniam
637 2359 784 2438 sordent
805 2358 873 2437 tibi
892 2386 1048 2443 munera
1066 2366 1199 2448 nostra.

183 2502 306 2588 'Huc
318 2502 417 2601 ades,
449 2530 474 2581 o
487 2501 649 2582 formose
667 2527 784 2610 puer:
815 2499 885 2579 tibi
899 2498 976 2580 lilia
993 2501 1110 2610 plenis
1217 2534 1245 2611 4
1251 2535 1274 2616 ς

210 2644 457 2735 Eeceserunt
473 2640 682 2754 Nymphae
698 2639 871 2724 calathis:
903 2640 971 2721 tibi
992 2645 1148 2727 candida
1166 2648 1265 2729 Nais

212 2783 397 2869 Pallentes
411 2781 524 2865 violas
541 2800 578 2863 et
591 2783 739 2862 summa
757 2806 937 2890 papavera
950 2808 1115 2891 carpens,

213 2923 432 3009 Narcissum
448 2939 485 3004 et
503 2921 636 3003 florem
648 2921 773 3030 jungit
784 2921 880 3000 bene
894 2918 1025 3002 olentis
1041 2922 1179 3006 anethi.

214 3064 338 3162 Tum,
357 3063 462 3167 casia,
494 3080 605 3173 atque
623 3062 702 3147 aliis
716 3063 882 3143 intexens
895 3061 1064 3142 suavibus
1082 3060 1220 3160 herbis,

214 3204 355 3293 Mollia
366 3202 504 3289 luteola
515 3203 635 3313 pingit
653 3200 817 3286 vaccinia
835 3197 970 3287 caltha.
1227 3231 1281 3313 50

215 3344 300 3455 Ipse
318 3371 389 3453 ego
407 3370 498 3426 cana
516 3342 640 3448 legam
653 3359 781 3420 tenera
798 3339 972 3445 lanugine
986 3338 1100 3436 mala,

215 3484 484 3588 castaneasque
501 3507 628 3576 nuces,
659 3507 744 3559 mea
761 3505 852 3584 quas
869 3477 1073 3586 Amaryllis
1092 3479 1252 3564 amabat.

215 3620 484 3711 Addamcerea
494 3644 630 3726 pruna:
644 3633 681 3701 et
689 3612 809 3696 honos
817 3614 884 3700 erit
892 3611 983 3696 huic
991 3644 1144 3727 quoque
1152 3646 1283 3728 pomo.

101 3800 107 3817 ,
216 3760 270 3848 Et
288 3786 364 3856 vos,
403 3787 429 3841 o
446 3756 551 3854 lauri,
579 3782 745 3867 carpam,
774 3770 811 3833 et
822 3772 871 3850 te,
900 3756 1071 3862 proxima
1087 3776 1222 3866 myrte,

91 3966 93 3971 .
217 3901 277 3985 sic
290 3899 425 4010 positae
444 3897 625 4007 quoniam
646 3896 772 3976 suaves
786 3894 945 3975 miscetis
960 3895 1103 3980 odores.
1227 3928 1281 4012 55

214 4038 391 4132 Rusticus
399 4065 461 4136 ¹es,
490 4036 681 4146 Corydon,
710 4062 781 4116 uec
789 4061 951 4116 munera
968 4054 1073 4119 curat
1088 4037 1244 4122 Alexis:

214 4183 303 4275 Noc
320 4178 348 4271 fi
365 4176 584 4272 muneribus
606 4195 735 4283 certes,
771 4177 956 4267 concedat
979 4175 1089 4294 Iolao,

1176 4317 1293 4434 lieu!
1462 4312 1467 4361 ⁴·
