2948 5078
334 367 688 460 Buconica,
726 364 862 456 Een.
898 303 980 460 IX.
1131 406 1190 498 31

127 554 348 683 ¹spargeret?
378 584 442 649 aut
461 566 570 648 viridi
586 564 706 647 fontes
731 566 921 646 induceret
943 569 1105 659 umbra?
1140 605 1195 663 20

44 699 47 703 ⁵
130 709 205 793 vet
229 736 325 821 quae
352 707 493 818 sublegi
507 710 638 819 tacitus
652 705 719 786 tibi
732 708 897 788 carmina
913 736 1045 819 nuper,
1180 698 1190 762 ἶ

130 853 233 932 Cum
247 869 283 929 te
295 848 342 928 ad
353 847 501 928 delicias
513 845 626 928 ferres
642 844 876 952 Amaryllida
894 849 1061 935 nostras?

131 991 274 1106 Tityre,
292 988 389 1095 ,dum
402 988 528 1089 redeo,
547 986 666 1067 brevis
685 985 740 1066 est
756 986 828 1085 via,
851 987 957 1095 pasce
967 991 1151 1102 capellas:
1180 997 1181 1000 ‘

129 1131 180 1209 Et
191 1147 326 1240 potum
341 1126 458 1235 pastas
474 1155 555 1234 age,
570 1126 726 1233 Tityre:
758 1141 796 1205 et
807 1124 903 1206 inter
917 1131 1107 1238 agendum
1129 1136 1136 1144 ’

131 1268 335 1350 Occursare
348 1292 475 1374 capro,
495 1292 613 1346 cornu
624 1263 710 1345 ferit
722 1264 797 1363 ille,
812 1284 954 1349 caveto.
1141 1300 1164 1357 2
1172 1296 1197 1386 ς
1235 1323 1240 1327 -

128 1410 252 1493 Mon.
285 1409 413 1487 Immo
431 1405 538 1506 haec,
562 1433 661 1515 quae
680 1405 795 1502 Vara,
827 1407 994 1487 necdum
1021 1409 1198 1518 perfecta,

316 1543 483 1624 canebat.
1184 1584 1187 1589 ’

128 1685 240 1781 Vare,
261 1700 374 1762 tuum
388 1708 530 1762 nomen
556 1680 721 1791 (superet
743 1681 859 1762 modo
878 1683 1038 1768 Mantua
1055 1673 1190 1792 nobis,
1326 1708 1327 1711 ‘

128 1828 303 1926 Mantua,
320 1853 385 1906 vae
402 1823 553 1904 miserae
567 1823 732 1905 nimium
745 1824 865 1905 vicina
879 1827 1086 1914 Cremonae
1100 1830 1136 1939 i)
1154 1833 1156 1836 ’

126 1970 324 2051 Cantantes
336 1966 497 2047 sublime
512 1963 633 2045 ferent
649 1964 696 2044 ad
712 1963 826 2045 fidera
839 1971 961 2076 cycni.
1061 1975 1064 1978 ’

128 2108 239 2192 Luc.
267 2106 327 2186 Sic
340 2122 406 2184 tua
418 2105 583 2212 Cyrneas
600 2101 748 2212 fugiant
764 2105 937 2185 examina
955 2123 1058 2188 taxos
1068 2148 1081 2206 3
1141 2130 1197 2220 30

130 2249 190 2328 Sie
208 2245 325 2354 cytiso
340 2244 463 2353 pastae
476 2244 673 2325 distentent
687 2244 800 2326 ubera
812 2272 968 2329 vaccae:
1138 2285 1140 2291 >

129 2387 272 2494 Incipe,
292 2384 319 2464 fi
338 2383 434 2492 quid*
447 2380 584 2466 luber:
616 2400 654 2483 et
670 2412 734 2466 me
753 2384 875 2467 fecere
887 2396 1038 2495 po‘e'tam

128 2524 309 2612 Pierides:
341 2521 478 2604 suntet
494 2523 592 2604 mihi
606 2525 793 2605 carmina:
825 2553 888 2603 me
902 2554 1056 2634 quoque
1069 2526 1199 2608 dicunt

126 2665 266 2748 Vatem
282 2665 468 2775 pastores:
496 2663 559 2744 sed
577 2692 655 2745 non
673 2688 745 2772 ego
757 2661 928 2744 credulus
941 2664 1023 2747 illis.

127 2809 235 2890 Nam
248 2831 371 2914 neque
379 2802 502 2886 adhuc
511 2805 613 2885 Varo
626 2805 766 2900 videor,
781 2830 850 2884 nec
864 2804 986 2886 dicere
998 2807 1120 2889 Cinna
1141 2836 1162 2920 3
1172 2836 1196 2919 ς

130 2947 270 3055 Digm,
288 2944 350 3024 sed
366 2963 515 3053 argutos
529 2945 622 3024 inter
633 2944 792 3054 strepere
802 2947 903 3025 anser
917 2947 1048 3029 olores.

130 3086 252 3170 Mon.
286 3086 331 3166 ld
348 3085 506 3195 quidem
520 3112 612 3194 ago;
644 3103 681 3163 et
702 3085 846 3179 tacitus,
869 3085 1025 3189 Lycida,
1043 3108 1198 3164 mecum

311 3224 388 3336 ipse
407 3221 548 3321 voluto,

128 3368 165 3448 Si
183 3367 327 3449 valeam
340 3362 574 3452 meminisse:
606 3388 728 3470 neque
742 3361 796 3443 est
815 3361 978 3472 ignobile
996 3389 1158 3444 carmen.

128 3508 221 3589 Huc
238 3507 337 3603 ades,
353 3535 377 3586 o
393 3504 566 3585 Galatear
596 3502 681 3612 quis
699 3501 752 3584 est
767 3530 857 3583 nam
871 3501 979 3584 ludus
992 3503 1032 3583 in
1045 3502 1180 3584 undis?

127 3644 205 3724 Hic
218 3673 281 3725 ver
293 3672 549 3755 purpureum:
582 3643 698 3721 varios
718 3640 781 3722 hic
795 3641 952 3721 flumina
968 3644 1112 3721 circum
1139 3670 1196 3749 40

12 3828 15 3832 Δ
127 3782 270 3862 Fundit
289 3781 431 3862 humus
445 3783 577 3862 flores:
610 3777 844 3865 hiccandida
858 3781 1017 3890 populus
1032 3799 1138 3860 antro
1179 3823 1181 3826 ·

79 3899 81 3902 ⁵
128 3920 321 4016 Imminet,
341 3939 377 3999 et
396 3920 515 3999 lentae
534 3936 664 3998 texunt
684 3919 901 4000 umbracula
917 3919 1018 3999 vitea.

128 4061 222 4141 Huc
235 4062 340 4158 ades3
372 4059 487 4139 insani
505 4059 636 4140 feriant
653 4060 728 4140 fine
744 4060 867 4140 littora
885 4059 1030 4142 fluitur.

125 4205 238 4286 Luc.
249 4199 368 4310 Qid,
378 4225 473 4310 quae
489 4217 526 4284 te
543 4228 634 4311 pura
652 4198 774 4280 solum
791 4199 859 4282 sub
870 4204 979 4282 noete
986 4216 1183 4280 canentem

967 4337 1199 4419 Audieram?
