2948 5078
388 374 440 472 P.
473 372 766 470 Vrncrarr‘
789 371 1073 466 Ma'roura

183 574 294 690 stris,
326 574 465 662 Oliavi
481 573 697 660 uenerande.
727 572 846 685 Igitur
863 573 1041 687 scriptum
1058 566 1165 655 liriffe
1178 570 1263 656 Cu&

200 719 315 803 licem
347 714 537 826 probabile
559 714 626 816 est,
672 741 764 794 cum
791 711 969 794 octavius
987 711 1117 823 aliquo
1134 713 1176 795 iu
1193 738 1265 794 no-

200 860 306 944 mine
323 857 449 967 coepit
464 855 556 939 effer
586 857 686 939 circa
702 854 741 936 id
758 854 949 966 temporis,
981 882 1060 964 quo
1072 852 1266 939 domasa

202 997 307 1109 Julio
323 995 476 1077 Caesare
495 995 715 1076 militaribus
729 995 849 1090 donis,
879 1018 969 1076 eum
984 993 1022 1074 in
1042 994 1269 1106 Hispanien-

202 1140 255 1223 sra
270 1141 386 1225 castra
397 1135 618 1240 mouson,
649 1160 749 1220 anno
765 1138 817 1220 U.
831 1136 879 1218 C.
894 1133 1037 1216 circiter
1052 1164 1154 1248 709.
1186 1136 1268 1217 Oc·

202 1278 293 1361 tavii
317 1308 383 1390 19.
398 1277 547 1387 Virgilii
565 1280 633 1361 26.
682 1274 797 1384 Qod
814 1272 898 1383 quis
914 1271 1065 1359 credat?
1113 1260 1270 1383 Virgili-

204 1445 275 1507 um
299 1419 347 1501 ab
365 1417 428 1504 illa
446 1417 586 1503 Culicis
610 1416 770 1499 exilitate
788 1416 838 1496 ita
854 1431 1003 1526 repente
1021 1410 1242 1495 convaluisse
1252 1448 1267 1513 ς

203 1577 249 1641 ot
263 1584 363 1639 auno
380 1556 463 1666 post
479 1557 587 1637 tertio
599 1572 776 1666 quartove
800 1552 976 1634 Bucolica
1006 1551 1165 1639 scribere
1186 1568 1267 1632 tanr

203 1695 387 1803 aequabili
412 1714 451 1774 et
467 1697 591 1774 vivido
615 1711 652 1775 et
680 1722 777 1804 puro
794 1693 913 1773 nitore
943 1692 1134 1804 inceperit.
1193 1691 1270 1773 Hir

206 1831 371 1917 adducor
384 1846 428 1910 ut
440 1847 584 1943 putem,
615 1830 795 1910 insulsum
805 1828 915 1915 illum
932 1828 1119 1931 Culicem,
1151 1852 1269 1939 quem

206 1963 392 2050 babemus
421 1991 508 2076 prae
538 1966 722 2066 manibus,
753 1966 800 2047 ab
813 1967 940 2077 inepto
956 1966 1083 2078 aliquo
1093 1965 1274 2081 posterio-

207 2133 297 2188 rum
320 2123 485 2187 aetatum
502 2105 673 2218 scriptore
690 2107 823 2188 ficium
837 2107 927 2190 esse:
977 2109 1044 2217 qui
1060 2134 1155 2190 cum
1171 2104 1274 2217 apud

207 2262 347 2327 veteres
375 2243 516 2325 laudari
549 2244 680 2355 paflim
712 2248 853 2328 videret
877 2245 1083 2356 juvenilem
1100 2238 1271 2329 Maronia

208 2381 384 2465 Culicem
392 2422 405 2481 3
434 2380 608 2464 amissum
619 2383 728 2466 illum
745 2386 835 2467 vitio
850 2403 1066 2496 temporum
1083 2384 1272 2469 restituere
1343 2478 1347 2485 ,

208 2550 276 2636 per
306 2524 441 2607 ludum
464 2542 528 2605 aut
561 2553 626 2637 per
653 2526 843 2610 summam
872 2529 1066 2610 audaciam
1101 2518 1270 2624 volucrit,-

210 2665 408 2773 quomodo
426 2665 600 2777 deinceps
626 2694 648 2746 a
675 2667 863 2749 leviffimis
887 2667 1122 2779 scriptoribus
1153 2666 1273 2751 multa

210 2802 390 2888 malitiose
408 2803 679 2902 mulierosum,
710 2825 752 2887 ut
769 2806 933 2891 Cornelii
948 2806 1052 2888 Galli
1062 2804 1215 2916 elegiae,
1234 2818 1272 2887 et

207 2966 327 3051 nuper
343 2942 505 3023 Petronii
518 2942 783 3053 fragmentum.

273 3080 382 3162 ldem
401 3080 536 3165 estode
555 3083 638 3166 Ciri
645 3087 844 3191 judicium,
888 3114 1005 3196 quam
1025 3087 1152 3169 Ovidii
1173 3103 1272 3168 tem·

213 3244 304 3329 pore
326 3216 567 3326 posteriorem
588 3221 660 3302 esse
673 3224 809 3303 indicat
828 3222 982 3330 Scyllae,
1014 3226 1125 3334 patria
1150 3241 1187 3304 et
1204 3250 1273 3333 pa·

212 3355 303 3437 triae
316 3355 465 3442 ruinam
481 3357 704 3454 meditantis,
744 3388 835 3441 cum
853 3361 995 3441 nutrice
1012 3359 1273 3471 colloquium,

216 3484 320 3579 locus
338 3489 495 3568 omnino
508 3510 673 3572 exaratus
687 3495 734 3572 ad
744 3495 1027 3577 fimilitudinem
1043 3498 1143 3580 illius
1158 3492 1277 3578 collo-

215 3625 310 3733 quii,
337 3624 444 3734 ⁴quod
468 3623 582 3709 habet
610 3631 771 3741 Myrrha
796 3635 907 3749 patris
934 3663 1061 3723 amore
1082 3636 1276 3727 insuriena

214 3788 307 3849 eum
322 3764 464 3845 nutrice
478 3766 569 3848 item
584 3768 659 3872 sua,
691 3771 852 3855 Metam.
874 3774 901 3858 l.
923 3808 963 3886 9.
1005 3779 1093 3860 Nec
1119 3778 1277 3859 abstinet

215 3900 360 4010 Scyllae
377 3905 502 3990 nutrix
517 3905 564 3991 ab
582 3911 757 4021 exemplo
771 3913 879 4027 ipfius
888 3914 1072 4024 Myrrhae
1084 3916 1276 4027 profereu-

214 4038 289 4124 do:
321 4059 362 4121 ut
379 4041 489 4151 plane
504 4045 716 4132 existimem
728 4050 900 4134 fictorem
917 4054 1029 4138 illum
1047 4055 1276 4167 Virgilianae

215 4176 324 4289 ctis,
355 4180 404 4271 ad
428 4180 632 4302 Myrrham
660 4190 885 4285 ovidianum
916 4194 1011 4288 iuter
1038 4194 1278 4284 scribendum

1145 4332 1279 4428 atuor
