2948 5078
352 325 720 453 Aruernos}
752 330 1023 432 Lru.11.':
1104 344 1200 473 169

136 547 190 628 Et
201 541 344 655 gemini
354 540 521 642 Atridae,
540 534 813 647 Dolopumque
829 539 1013 620 exercitus
1026 539 1165 631 omnis.
1201 598 1207 609 -

136 684 294 769 Adverfi
314 701 426 793 rupto
442 708 513 763 ceu
530 677 725 789 quondam
740 677 888 762 turbine
906 679 1007 761 venti
1201 738 1207 751 .

136 820 370 933 confligunt,
384 817 659 930 zephyrusque,
679 815 874 926 notusque,
892 835 930 899 et
947 817 1064 900 laetus
1079 822 1157 904 eois
1202 882 1207 889 -
1341 812 1344 817 ¹

136 963 263 1043 Eurus
275 958 403 1069 equis:
435 956 594 1039 stridunt
610 954 743 1061 sylvae,
775 955 959 1066 saevitque
972 958 1123 1042 tridenti
1204 1024 1209 1031 .

139 1101 336 1213 Spumeus,
355 1116 467 1208 atque
485 1097 566 1178 imo
584 1097 734 1178 Nereus
749 1094 824 1176 ciet
835 1123 997 1205 aequora
1012 1098 1145 1187 undo.

137 1238 337 1341 Illietiam,
361 1236 389 1317 s1
408 1263 505 1347 quos
520 1234 673 1317 obscura
687 1236 800 1316 noste
818 1262 884 1345 per
900 1235 1078 1322 umbram
1116 1242 1207 1349 420'

139 1378 325 1461 Fudimus
340 1376 489 1475 infidiis,
504 1392 656 1486 totaque
669 1374 892 1485 agitavimus
907 1378 1013 1479 urbe,

137 1523 333 1632 Apparent
350 1550 360 1599 :
386 1518 500 1629 primi
517 1517 669 1629 clypeos
686 1518 918 1629 mentitaque
934 1521 1008 1602 teu

139 1660 372 1772 Agnoscunt,
388 1676 501 1768 atque
516 1685 581 1738 ora
598 1656 689 1738 sono
706 1656 885 1740 discordia
903 1659 1058 1769 signant.

136 1801 245 1882 Ilicet
257 1800 453 1882 obruimur
465 1825 644 1881 numero:
665 1797 880 1909 primusque
894 1798 1117 1886 Choroebus
1196 1866 1210 1881 ..

136 1941 292 2025 Penelei·
304 1942 433 2023 dextra
446 1942 551 2023 divae
565 1940 1025 2050 armipotentieadaram·
1114 1970 1171 2053 42
1177 1970 1203 2056 5

135 2081 355 2163 Procumbit
371 2115 381 2165 ε
412 2081 512 2163 cadit
528 2099 566 2162 et
579 2078 763 2190 Ripheus,
774 2081 995 2189 justissimus
1010 2108 1107 2164 unus

136 2222 217 2330 Qi
232 2221 305 2303 suit
324 2221 535 2317 inTeucris,
548 2239 586 2301 et
603 2196 887 2304 servantiffimus
901 2223 1024 2334 sequi.
1191 2222 1197 2231 ’

134 2363 207 2443 Dis
221 2361 325 2443 aliter
337 2359 469 2444 visum.
501 2382 657 2472 pereunt
669 2363 925 2474 Hypnusque,
938 2366 1172 2477 Dymasque,

136 2502 289 2583 confixi
306 2532 328 2584 a
345 2502 471 2585 sociis:
490 2521 610 2585 necte
628 2522 692 2583 tua
708 2503 884 2610 plurima,
899 2502 1083 2608 Pantheo,
1193 2560 1198 2569 ·

134 2639 344 2722 Labentem
361 2641 488 2747 pietas,
503 2666 576 2717 nec
590 2638 778 2746 Apollinis
794 2638 912 2719 infula
928 2639 1032 2720 texit.
1114 2670 1141 2750 4
1146 2670 1202 2754 30

134 2778 238 2859 Iliaci
256 2781 406 2874 cineres,
423 2797 461 2859 et
478 2776 634 2859 flamma
658 2795 825 2859 extrema
842 2806 1031 2879 meorum,
1191 2780 1195 2785 ’

135 2918 285 3020 Testor,
304 2920 342 2998 in
359 2918 492 3000 occasu
507 2918 640 3018 vestro,
659 2946 729 3000 nec
742 2920 828 3018 tela,
844 2948 913 3001 nec
927 2920 1022 3002 ullas

133 3059 307 3141 Vitavilse
319 3060 416 3139 vices
428 3061 626 3157 Danaum,
655 3059 747 3157 et,si
774 3058 848 3140 fata
864 3057 1013 3141 fuissent

133 3200 188 3279 Ut
201 3202 384 3301 caderem,
401 3198 573 3282 meruisse
587 3228 715 3286 manu.
746 3199 961 3282 divellimur
974 3198 1063 3280 inde
1075 3239 1090 3298 ς
1226 3228 1231 3237 ·

132 3336 280 3449 Iphitus
296 3356 333 3420 et
346 3337 464 3420 Pelias
477 3366 656 3422 mecumz
675 3368 842 3448 quorum
853 3338 999 3449 Iphitus
1010 3367 1101 3420 aevo
1112 3367 1200 3453 435
1326 3354 1332 3362 '

132 3479 222 3585 Jam
237 3478 393 3587 gravior,
417 3479 535 3560 Pelias
553 3497 591 3561 et
612 3478 763 3561 vulnere
780 3479 904 3560 tardus
917 3477 1069 3588 Ulyssei.

132 3618 304 3699 Protinus
320 3619 368 3699 ad
382 3615 482 3699 sedes
497 3618 636 3698 Priami
651 3618 814 3699 clamore
836 3618 969 3702 vocati.
1183 3714 1189 3725 .

130 3756 210 3837 Hic
225 3784 311 3836 vero
330 3757 521 3863 ingentem
544 3783 725 3868 pugnam,
746 3783 817 3837 ceu
830 3773 970 3837 caetera
986 3755 1185 3866 nusquam.
1268 3806 1275 3828 ι

128 3893 232 3976 Bella
243 3895 377 3994 forent,
394 3895 489 3977 nulli
507 3913 585 3979 tota
601 3913 833 3979 morerentur
848 3896 888 3977 in
899 3896 1016 3981 urbez
1171 3976 1176 3981 .

131 4036 191 4116 Sic
205 4033 374 4118 Martem
391 4035 621 4120 indomitum
636 4035 858 4146 Danaosque
874 4037 922 4119 ad
940 4040 1037 4118 testa
1053 4052 1201 4122 ruentes

129 4174 346 4278 Cernimus,
364 4176 623 4292 obsessumque
644 4180 724 4299 asta
741 4176 924 4271 testudine
939 4178 1069 4269 limen.
1108 4207 1193 4284 441

185 4324 191 4333 '
238 4328 241 4333 '
332 4330 343 4381 ἱ
1030 4319 1200 4402 Haerent
