2948 5078
13 509 18 517 ,
193 435 263 539 34
385 399 438 496 P.
470 400 753 494 Vrnornrr
789 395 1079 497 Mnnonrs

198 605 323 703 Galle,
355 601 449 714 quid
466 601 624 684 insanis?
656 599 804 710 inquit:
836 618 900 684 tua
913 629 1003 686 cura
1017 601 1175 712 Lycoris

199 747 347 856 Perque
373 745 476 824 nives¹
498 741 633 840 alium,
677 758 819 853 perque
838 740 990 859 horrida
1019 743 1137 826 castra
1165 743 1271 828 secu-

384 882 501 968 taest.

198 1026 316 1111 Venit
328 1041 366 1106 et
379 1023 512 1134 agresti
528 1023 657 1134 capitis
672 1019 852 1132 Sylvanus
868 1018 1026 1125 honore,

200 1166 396 1254 Florentes
415 1162 552 1248 {endas
566 1182 603 1245 et
620 1163 777 1274 grandia
787 1162 865 1245 lilia
884 1161 1066 1275 qmffans.
1214 1189 1272 1276 25

200 1311 285 1394 Pan
298 1309 391 1389 deus
401 1305 584 1387 Arcadiae
599 1304 720 1386 venit:
753 1331 876 1417 quem⁸
884 1305 1048 1388 vidimus
1064 1302 1134 1416 ipsi

203 1447 422 1560 sanguineis
439 1445 542 1529 ebuli
558 1445 681 1527 baccis
700 1446 896 1557 minioque
914 1447 1129 1532 rubentem.

203 1587 348 1703 Ecquis
364 1584 611 1675 eritmodus?
641 1585 783 1697 inquit:
811 1614 1009 1671 amornon
1024 1588 1113 1670 talia
1129 1601 1249 1672 cruat.

119 1768 123 1773 ·
204 1732 294 1814 Nec
307 1728 483 1839 lacrymis
501 1726 662 1809 crudelis
677 1754 799 1827 amor,
828 1755 900 1808 nec
917 1730 1088 1837 gramina
1105 1729 1206 1827 rivis,

205 1874 295 1957 Nec
307 1856 422 1980 cytiso
435 1868 640 1951 saturantur
653 1892 754 1979 apes,
773 1892 844 1947 nec
861 1863 998 1948 fronde
1009 1867 1186 1977 capellae.
1220 1894 1280 1977 30

208 2008 344 2094 'tristis
360 2027 398 2092 at
416 2006 504 2091 ille:
534 2026 663 2092 tamen
675 2006 881 2105 cantabitis,
902 2008 1081 2105 Arcades,
1114 2007 1250 2118 inquit,

208 2152 412 2238 Montibus
427 2146 522 2234 haec
540 2150 691 2235 vestris:
722 2149 790 2233 soli
806 2167 955 2232 cantare
970 2151 1081 2263 periti

210 2284 390 2378 Arcades.
423 2294 463 2373 0
476 2291 574 2376 mihi
587 2310 671 2376 tum
684 2319 803 2404 quam
815 2289 1284 2402 molliteroll'aquiesmnt,

210 2433 345 2518 Vellra
362 2460 469 2519 meos
485 2433 581 2517 olim
598 2433 763 2517 fifistula
780 2435 882 2516 dicat
896 2437 1067 2517 amoresl

212 2574 344 2684 Atque
359 2560 505 2657 utinam
515 2600 565 2655 ex
580 2572 687 2673 yobis
702 2601 813 2674 unus,
842 2571 1028 2683 vestrique
1042 2569 1195 2652 foillem
1227 2598 1283 2682 35

214 2718 297 2796 Aut
309 2711 432 2797 custos
445 2715 580 2825 gregis,
609 2732 675 2797 aut
687 2732 855 2796 maturae
875 2713 1012 2795 vinitor
1032 2715 1147 2795 uvae!

216 2855 328 2934 Certe
339 2853 412 2935 five
426 2851 524 2935 mihi
538 2852 696 2964 Phyllis,
727 2854 801 2936 five
820 2853 908 2936 effet
927 2856 1126 2963 Amyntas,

218 2995 294 3077 Seu
322 2977 556 3106 quicumque
586 2992 692 3079 firror
731 2993 854 3108 (quid
877 3011 976 3096 tum,
1022 2993 1202 3075 fifuscus
1235 2993 1293 3071 A·

404 3140 578 3245 myntas?

220 3274 273 3354 Et
291 3273 415 3382 nigrae
432 3273 552 3357 violae
566 3272 662 3374 sun't,
690 3291 728 3356 et
740 3275 906 3355 vaccinia
917 3272 1053 3383 nigra)

220 3412 386 3495 Mecum
405 3415 499 3495 inter
517 3415 643 3495 salices
661 3415 761 3494 lenta
778 3415 846 3493 sub
864 3416 940 3496 vite
952 3418 1103 3524 jaceret.
1232 3440 1292 3519 40

223 3557 326 3636 Serta
344 3551 441 3634 mihi
462 3551 608 3664 Phyllis
625 3552 774 3662 legeret,
796 3573 959 3640 cantaret
975 3562 1174 3665 Amyntas.
1293 3528 1317 3535 'y

224 3696 305 3778 Hic
314 3694 432 3806 gelidi
450 3693 600 3795 fontes;
631 3690 695 3776 hic
708 3694 840 3777 mollia
851 3717 969 3809 prata,
1000 3698 1161 3806 Lycori;

224 3835 306 3918 Hic
319 3862 478 3917 nemus:
510 3833 574 3917 hic
587 3834 666 3947 ipso
678 3852 809 3916 tecum
821 3839 1059 3920 consumerer
1070 3867 1175 3922 aevo.

184 4018 191 4028 «
226 3976 345 4090 Nunc
364 3973 510 4057 insanus
522 4004 629 4057 amor
642 3975 726 4056 duri
739 4004 803 4057 me
821 3979 956 4060 Martis
974 3978 1014 4059 in
1029 3980 1157 4078 armis,

228 4102 328 4233 Tela
342 4115 587 4239 intermedia,
618 4134 730 4229 atque
742 4118 909 4203 adversos
930 4121 1071 4205 detinet
1091 4118 1227 4204 hostes.
1241 4145 1266 4222 4
1273 4142 1297 4226 ς

1239 4379 1308 4490 Tu
