<?xml version="1.0" encoding="UTF-8"?>
<!DOCTYPE html PUBLIC "-//W3C//DTD XHTML 1.0 Transitional//EN"
    "http://www.w3.org/TR/xhtml1/DTD/xhtml1-transitional.dtd">
<html xmlns="http://www.w3.org/1999/xhtml" xml:lang="en" lang="en">
 <head>
  <title>
</title>
<meta http-equiv="Content-Type" content="text/html;charset=utf-8" />
  <meta name='ocr-system' content='tesseract 3.04.00' />
  <meta name='ocr-capabilities' content='ocr_page ocr_carea ocr_par ocr_line ocrx_word'/>
</head>
<body>
  <div class='ocr_page' id='page_1' title='image "./publiivirgiliim02schegoog_0192.png"; bbox 0 0 2948 5078; ppageno 0'>
   <div class='ocr_carea' id='block_1_1' title="bbox 284 347 1473 493">
    <p class='ocr_par' dir='ltr' id='par_1_1' title="bbox 284 347 1473 493">
     <span class='ocr_line' id='line_1_1' title="bbox 284 347 1473 493; baseline -0.003 -16"><span class='ocrx_word' id='word_1_1' title='bbox 284 347 668 477; x_wconf 60' lang='lat' dir='ltr'>&#39;Gronar&#39;en</span> <span class='ocrx_word' id='word_1_2' title='bbox 708 365 985 475; x_wconf 68' lang='lat' dir='ltr'>Lr&#39;s.&#39;1V.‘</span> <span class='ocrx_word' id='word_1_3' title='bbox 1089 406 1182 475; x_wconf 85' lang='lat' dir='ltr'>ror</span> <span class='ocrx_word' id='word_1_4' title='bbox 1470 486 1473 493; x_wconf 50' lang='grc'><strong>,</strong></span> 
     </span>
    </p>
   </div>
   <div class='ocr_carea' id='block_1_2' title="bbox 87 578 1205 4188">
    <p class='ocr_par' dir='ltr' id='par_1_2' title="bbox 103 578 1066 694">
     <span class='ocr_line' id='line_1_2' title="bbox 103 578 1066 694; baseline -0.002 -29"><span class='ocrx_word' id='word_1_5' title='bbox 103 584 189 694; x_wconf 74' lang='grc' dir='ltr'>Οτο</span> <span class='ocrx_word' id='word_1_6' title='bbox 207 581 343 680; x_wconf 88' lang='lat' dir='ltr'>ferunt,</span> <span class='ocrx_word' id='word_1_7' title='bbox 373 579 525 663; x_wconf 85' lang='lat' dir='ltr'>dulcem</span> <span class='ocrx_word' id='word_1_8' title='bbox 543 580 640 662; x_wconf 90' lang='lat' dir='ltr'>nidis</span> <span class='ocrx_word' id='word_1_9' title='bbox 654 578 1014 676; x_wconf 81' lang='lat' dir='ltr'>immitibusescam.</span> <span class='ocrx_word' id='word_1_10' title='bbox 1061 596 1066 610; x_wconf 85' lang='lat'>&#39;</span> 
     </span>
    </p>

    <p class='ocr_par' dir='ltr' id='par_1_3' title="bbox 108 707 1003 835">
     <span class='ocr_line' id='line_1_3' title="bbox 108 707 1003 835; baseline -0.003 -30"><span class='ocrx_word' id='word_1_11' title='bbox 108 726 165 805; x_wconf 86' lang='lat' dir='ltr'>At</span> <span class='ocrx_word' id='word_1_12' title='bbox 178 707 310 835; x_wconf 88' lang='lat' dir='ltr'>liquidi</span> <span class='ocrx_word' id='word_1_13' title='bbox 327 724 461 820; x_wconf 87' lang='lat' dir='ltr'>fontes,</span> <span class='ocrx_word' id='word_1_14' title='bbox 491 741 530 804; x_wconf 90' lang='lat' dir='ltr'>et</span> <span class='ocrx_word' id='word_1_15' title='bbox 546 721 674 832; x_wconf 85' lang='lat' dir='ltr'>stagna</span> <span class='ocrx_word' id='word_1_16' title='bbox 693 721 846 803; x_wconf 87' lang='lat' dir='ltr'>virentia</span> <span class='ocrx_word' id='word_1_17' title='bbox 858 719 1003 819; x_wconf 87' lang='lat' dir='ltr'>museo,</span> 
     </span>
    </p>

    <p class='ocr_par' dir='ltr' id='par_1_4' title="bbox 107 839 1190 1254">
     <span class='ocr_line' id='line_1_4' title="bbox 108 839 1018 973; baseline -0.001 -29"><span class='ocrx_word' id='word_1_18' title='bbox 108 864 257 963; x_wconf 75' lang='lat' dir='ltr'>auant,</span> <span class='ocrx_word' id='word_1_19' title='bbox 287 882 325 946; x_wconf 75' lang='lat' dir='ltr'>et</span> <span class='ocrx_word' id='word_1_20' title='bbox 341 863 463 946; x_wconf 70' lang='lat' dir='ltr'>tenuis</span> <span class='ocrx_word' id='word_1_21' title='bbox 478 839 625 973; x_wconf 63' lang='lat' dir='ltr'>fugient</span> <span class='ocrx_word' id='word_1_22' title='bbox 639 889 706 973; x_wconf 75' lang='lat' dir='ltr'>per</span> <span class='ocrx_word' id='word_1_23' title='bbox 718 864 889 971; x_wconf 82' lang='lat' dir='ltr'>gramina</span> <span class='ocrx_word' id='word_1_24' title='bbox 904 861 1018 963; x_wconf 71' lang='lat' dir='ltr'>rivus,</span> 
     </span>
     <span class='ocr_line' id='line_1_5' title="bbox 107 998 1190 1114; baseline 0 -31"><span class='ocrx_word' id='word_1_25' title='bbox 107 998 1190 1114; x_wconf 70' lang='lat' dir='ltr'>Palmaquevestibulumautingensoleasterinumbrettao&#39;</span> 
     </span>
     <span class='ocr_line' id='line_1_6' title="bbox 109 1139 1006 1254; baseline 0.001 -34"><span class='ocrx_word' id='word_1_26' title='bbox 109 1139 177 1240; x_wconf 91' lang='lat' dir='ltr'>Ut,</span> <span class='ocrx_word' id='word_1_27' title='bbox 208 1171 300 1226; x_wconf 88' lang='lat' dir='ltr'>curn</span> <span class='ocrx_word' id='word_1_28' title='bbox 316 1144 438 1254; x_wconf 89' lang='lat' dir='ltr'>prima</span> <span class='ocrx_word' id='word_1_29' title='bbox 457 1142 544 1222; x_wconf 90' lang='lat' dir='ltr'>novi</span> <span class='ocrx_word' id='word_1_30' title='bbox 562 1141 699 1222; x_wconf 85' lang='lat' dir='ltr'>ducent</span> <span class='ocrx_word' id='word_1_31' title='bbox 711 1141 884 1222; x_wconf 86' lang='lat' dir='ltr'>examina</span> <span class='ocrx_word' id='word_1_32' title='bbox 902 1167 1006 1251; x_wconf 88' lang='lat' dir='ltr'>reges</span> 
     </span>
    </p>

    <p class='ocr_par' dir='ltr' id='par_1_5' title="bbox 107 1277 967 1391">
     <span class='ocr_line' id='line_1_7' title="bbox 107 1277 967 1391; baseline 0.001 -31"><span class='ocrx_word' id='word_1_33' title='bbox 107 1277 211 1364; x_wconf 83' lang='lat' dir='ltr'>Vere</span> <span class='ocrx_word' id='word_1_34' title='bbox 224 1280 303 1381; x_wconf 85' lang='lat' dir='ltr'>suo,</span> <span class='ocrx_word' id='word_1_35' title='bbox 335 1281 513 1391; x_wconf 86' lang='lat' dir='ltr'>ludetque</span> <span class='ocrx_word' id='word_1_36' title='bbox 529 1279 622 1365; x_wconf 84' lang='lat' dir='ltr'>favis</span> <span class='ocrx_word' id='word_1_37' title='bbox 639 1278 767 1361; x_wconf 86' lang='lat' dir='ltr'>emiffa</span> <span class='ocrx_word' id='word_1_38' title='bbox 780 1282 967 1390; x_wconf 86' lang='lat' dir='ltr'>juventus,</span> 
     </span>
    </p>

    <p class='ocr_par' dir='ltr' id='par_1_6' title="bbox 87 1417 830 1531">
     <span class='ocr_line' id='line_1_8' title="bbox 87 1417 830 1531; baseline 0.001 -31"><span class='ocrx_word' id='word_1_39' title='bbox 87 1504 94 1513; x_wconf 74' lang='grc'>,</span> <span class='ocrx_word' id='word_1_40' title='bbox 109 1417 247 1502; x_wconf 83' lang='lat' dir='ltr'>Vicina</span> <span class='ocrx_word' id='word_1_41' title='bbox 263 1422 392 1504; x_wconf 87' lang='lat' dir='ltr'>invitet</span> <span class='ocrx_word' id='word_1_42' title='bbox 411 1424 588 1504; x_wconf 85' lang='lat' dir='ltr'>decedere</span> <span class='ocrx_word' id='word_1_43' title='bbox 605 1421 685 1531; x_wconf 87' lang='lat' dir='ltr'>ripa</span> <span class='ocrx_word' id='word_1_44' title='bbox 703 1421 830 1520; x_wconf 88' lang='lat' dir='ltr'>caiori,</span> 
     </span>
    </p>

    <p class='ocr_par' dir='ltr' id='par_1_7' title="bbox 107 1557 1205 2924">
     <span class='ocr_line' id='line_1_9' title="bbox 108 1557 1040 1671; baseline 0.001 -29"><span class='ocrx_word' id='word_1_45' title='bbox 108 1558 309 1671; x_wconf 86' lang='lat' dir='ltr'>Obviaque</span> <span class='ocrx_word' id='word_1_46' title='bbox 325 1557 491 1671; x_wconf 88' lang='lat' dir='ltr'>hospitiis</span> <span class='ocrx_word' id='word_1_47' title='bbox 510 1578 632 1642; x_wconf 86' lang='lat' dir='ltr'>teneat</span> <span class='ocrx_word' id='word_1_48' title='bbox 647 1559 903 1645; x_wconf 85' lang='lat' dir='ltr'>frondentibus</span> <span class='ocrx_word' id='word_1_49' title='bbox 921 1562 1040 1644; x_wconf 89' lang='lat' dir='ltr'>arbos.</span> 
     </span>
     <span class='ocr_line' id='line_1_10' title="bbox 110 1698 1177 1815; baseline 0.005 -36"><span class='ocrx_word' id='word_1_50' title='bbox 110 1698 355 1796; x_wconf 84' lang='lat' dir='ltr'>Inmedium,</span> <span class='ocrx_word' id='word_1_51' title='bbox 373 1699 436 1780; x_wconf 88' lang='lat' dir='ltr'>seu</span> <span class='ocrx_word' id='word_1_52' title='bbox 454 1699 561 1780; x_wconf 88' lang='lat' dir='ltr'>stabit</span> <span class='ocrx_word' id='word_1_53' title='bbox 573 1700 681 1798; x_wconf 88' lang='lat' dir='ltr'>iners,</span> <span class='ocrx_word' id='word_1_54' title='bbox 697 1698 761 1780; x_wconf 88' lang='lat' dir='ltr'>seu</span> <span class='ocrx_word' id='word_1_55' title='bbox 773 1699 933 1809; x_wconf 88' lang='lat' dir='ltr'>profluet</span> <span class='ocrx_word' id='word_1_56' title='bbox 944 1701 1099 1814; x_wconf 83' lang='lat' dir='ltr'>humor,</span> <span class='ocrx_word' id='word_1_57' title='bbox 1122 1727 1144 1783; x_wconf 86' lang='lat'>2</span> <span class='ocrx_word' id='word_1_58' title='bbox 1152 1727 1177 1815; x_wconf 77' lang='grc' dir='ltr'><strong><em>ς</em></strong></span> 
     </span>
     <span class='ocr_line' id='line_1_11' title="bbox 108 1839 983 1949; baseline 0.005 -30"><span class='ocrx_word' id='word_1_59' title='bbox 108 1839 343 1920; x_wconf 85' lang='lat' dir='ltr'>Transversas</span> <span class='ocrx_word' id='word_1_60' title='bbox 360 1839 484 1921; x_wconf 88' lang='lat' dir='ltr'>salices</span> <span class='ocrx_word' id='word_1_61' title='bbox 501 1859 538 1922; x_wconf 91' lang='lat' dir='ltr'>et</span> <span class='ocrx_word' id='word_1_62' title='bbox 550 1840 703 1949; x_wconf 79' lang='lat' dir='ltr'>grandia</span> <span class='ocrx_word' id='word_1_63' title='bbox 717 1841 858 1949; x_wconf 90' lang='lat' dir='ltr'>conjice</span> <span class='ocrx_word' id='word_1_64' title='bbox 871 1841 983 1940; x_wconf 76' lang='lat' dir='ltr'>fara3</span> 
     </span>
     <span class='ocr_line' id='line_1_12' title="bbox 107 1976 1030 2091; baseline 0.004 -34"><span class='ocrx_word' id='word_1_65' title='bbox 107 1976 291 2060; x_wconf 88' lang='lat' dir='ltr'>Pontibus</span> <span class='ocrx_word' id='word_1_66' title='bbox 305 1997 347 2060; x_wconf 92' lang='lat' dir='ltr'>ut</span> <span class='ocrx_word' id='word_1_67' title='bbox 360 1979 496 2061; x_wconf 88' lang='lat' dir='ltr'>crebris</span> <span class='ocrx_word' id='word_1_68' title='bbox 513 1978 649 2091; x_wconf 80' lang='lat' dir='ltr'>pofl&#39;mt</span> <span class='ocrx_word' id='word_1_69' title='bbox 662 1978 868 2078; x_wconf 85' lang='lat' dir='ltr'>confistere,</span> <span class='ocrx_word' id='word_1_70' title='bbox 899 1999 938 2061; x_wconf 90' lang='lat' dir='ltr'>et</span> <span class='ocrx_word' id='word_1_71' title='bbox 955 1981 1030 2061; x_wconf 87' lang='lat' dir='ltr'>alas</span> 
     </span>
     <span class='ocr_line' id='line_1_13' title="bbox 110 2118 1078 2219; baseline 0.005 -20"><span class='ocrx_word' id='word_1_72' title='bbox 110 2118 275 2201; x_wconf 87' lang='lat' dir='ltr'>Pandere</span> <span class='ocrx_word' id='word_1_73' title='bbox 292 2121 340 2201; x_wconf 87' lang='lat' dir='ltr'>ad</span> <span class='ocrx_word' id='word_1_74' title='bbox 359 2121 539 2201; x_wconf 87' lang='lat' dir='ltr'>aestivum</span> <span class='ocrx_word' id='word_1_75' title='bbox 558 2121 699 2219; x_wconf 89' lang='lat' dir='ltr'>solem;</span> <span class='ocrx_word' id='word_1_76' title='bbox 732 2122 759 2201; x_wconf 89' lang='lat' dir='ltr'>fi</span> <span class='ocrx_word' id='word_1_77' title='bbox 778 2120 873 2202; x_wconf 91' lang='lat' dir='ltr'>forte</span> <span class='ocrx_word' id='word_1_78' title='bbox 891 2141 1078 2204; x_wconf 81' lang='lat' dir='ltr'>morantes</span> 
     </span>
     <span class='ocr_line' id='line_1_14' title="bbox 109 2260 1144 2372; baseline 0.013 -34"><span class='ocrx_word' id='word_1_79' title='bbox 109 2260 295 2368; x_wconf 73' lang='lat' dir='ltr'>sparserit,</span> <span class='ocrx_word' id='word_1_80' title='bbox 326 2278 390 2341; x_wconf 88' lang='lat' dir='ltr'>aut</span> <span class='ocrx_word' id='word_1_81' title='bbox 402 2288 576 2371; x_wconf 86' lang='lat' dir='ltr'>praeceps</span> <span class='ocrx_word' id='word_1_82' title='bbox 586 2263 768 2372; x_wconf 91' lang='lat' dir='ltr'>Neptuno</span> <span class='ocrx_word' id='word_1_83' title='bbox 787 2260 1008 2346; x_wconf 87' lang='lat' dir='ltr'>immerserit</span> <span class='ocrx_word' id='word_1_84' title='bbox 1020 2271 1144 2350; x_wconf 62' lang='lat' dir='ltr'>eurus.v</span> 
     </span>
     <span class='ocr_line' id='line_1_15' title="bbox 111 2397 1181 2520; baseline 0.013 -44"><span class='ocrx_word' id='word_1_85' title='bbox 111 2397 220 2478; x_wconf 88' lang='lat' dir='ltr'>Haec</span> <span class='ocrx_word' id='word_1_86' title='bbox 236 2399 382 2480; x_wconf 92' lang='lat' dir='ltr'>circum</span> <span class='ocrx_word' id='word_1_87' title='bbox 399 2401 513 2482; x_wconf 88' lang='lat' dir='ltr'>casrae</span> <span class='ocrx_word' id='word_1_88' title='bbox 532 2400 676 2500; x_wconf 90' lang='lat' dir='ltr'>virides,</span> <span class='ocrx_word' id='word_1_89' title='bbox 707 2419 745 2485; x_wconf 88' lang='lat' dir='ltr'>et</span> <span class='ocrx_word' id='word_1_90' title='bbox 761 2403 898 2485; x_wconf 90' lang='lat' dir='ltr'>olentia</span> <span class='ocrx_word' id='word_1_91' title='bbox 911 2402 984 2484; x_wconf 89' lang='lat' dir='ltr'>late</span> <span class='ocrx_word' id='word_1_92' title='bbox 1124 2401 1181 2520; x_wconf 66' lang='lat'>36</span> 
     </span>
     <span class='ocr_line' id='line_1_16' title="bbox 112 2537 1053 2650; baseline 0.005 -35"><span class='ocrx_word' id='word_1_93' title='bbox 112 2537 289 2647; x_wconf 86' lang='lat' dir='ltr'>Serpylla,</span> <span class='ocrx_word' id='word_1_94' title='bbox 320 2560 357 2621; x_wconf 88' lang='lat' dir='ltr'>et</span> <span class='ocrx_word' id='word_1_95' title='bbox 376 2543 533 2650; x_wconf 87' lang='lat' dir='ltr'>graviter</span> <span class='ocrx_word' id='word_1_96' title='bbox 549 2541 714 2650; x_wconf 89' lang='lat' dir='ltr'>spirantis</span> <span class='ocrx_word' id='word_1_97' title='bbox 733 2543 841 2647; x_wconf 90' lang='lat' dir='ltr'>copia</span> <span class='ocrx_word' id='word_1_98' title='bbox 854 2539 1053 2646; x_wconf 80' lang='lat' dir='ltr'>thymbrae</span> 
     </span>
     <span class='ocr_line' id='line_1_17' title="bbox 107 2677 1205 2789; baseline 0.003 -33"><span class='ocrx_word' id='word_1_99' title='bbox 107 2677 268 2776; x_wconf 86' lang='lat' dir='ltr'>Floreat,</span> <span class='ocrx_word' id='word_1_100' title='bbox 300 2681 556 2789; x_wconf 89' lang='lat' dir='ltr'>irriguumque</span> <span class='ocrx_word' id='word_1_101' title='bbox 573 2680 703 2759; x_wconf 89' lang='lat' dir='ltr'>bibant</span> <span class='ocrx_word' id='word_1_102' title='bbox 722 2677 873 2758; x_wconf 86' lang='lat' dir='ltr'>violaria</span> <span class='ocrx_word' id='word_1_103' title='bbox 890 2677 1050 2763; x_wconf 81' lang='lat' dir='ltr'>fontem.</span> <span class='ocrx_word' id='word_1_104' title='bbox 1187 2768 1205 2783; x_wconf 90' lang='lat'>..</span> 
     </span>
     <span class='ocr_line' id='line_1_18' title="bbox 111 2814 1000 2924; baseline 0 -28"><span class='ocrx_word' id='word_1_105' title='bbox 111 2815 195 2924; x_wconf 86' lang='lat' dir='ltr'>Ipsa</span> <span class='ocrx_word' id='word_1_106' title='bbox 213 2835 350 2914; x_wconf 90' lang='lat' dir='ltr'>autem,</span> <span class='ocrx_word' id='word_1_107' title='bbox 381 2818 443 2900; x_wconf 93' lang='lat' dir='ltr'>seu</span> <span class='ocrx_word' id='word_1_108' title='bbox 461 2816 657 2899; x_wconf 87' lang='lat' dir='ltr'>corticibus</span> <span class='ocrx_word' id='word_1_109' title='bbox 675 2816 743 2894; x_wconf 91' lang='lat' dir='ltr'>tibi</span> <span class='ocrx_word' id='word_1_110' title='bbox 756 2815 835 2898; x_wconf 87' lang='lat' dir='ltr'>suta</span> <span class='ocrx_word' id='word_1_111' title='bbox 851 2814 1000 2917; x_wconf 79' lang='lat' dir='ltr'>cavatis,</span> 
     </span>
    </p>

    <p class='ocr_par' dir='ltr' id='par_1_8' title="bbox 111 2927 931 3057">
     <span class='ocr_line' id='line_1_19' title="bbox 111 2927 931 3057; baseline 0.004 -21"><span class='ocrx_word' id='word_1_112' title='bbox 111 2959 185 3037; x_wconf 83' lang='lat' dir='ltr'>Seu</span> <span class='ocrx_word' id='word_1_113' title='bbox 202 2957 303 3036; x_wconf 92' lang='lat' dir='ltr'>lento</span> <span class='ocrx_word' id='word_1_114' title='bbox 317 2927 460 3042; x_wconf 76' lang='lat' dir='ltr'>¹fuerint</span> <span class='ocrx_word' id='word_1_115' title='bbox 480 2959 635 3042; x_wconf 87' lang='lat' dir='ltr'>alvearia</span> <span class='ocrx_word' id='word_1_116' title='bbox 654 2957 796 3039; x_wconf 89' lang='lat' dir='ltr'>vimine</span> <span class='ocrx_word' id='word_1_117' title='bbox 816 2976 931 3057; x_wconf 83' lang='lat' dir='ltr'>texta,</span> 
     </span>
    </p>

    <p class='ocr_par' dir='ltr' id='par_1_9' title="bbox 113 3094 1187 4188">
     <span class='ocr_line' id='line_1_20' title="bbox 113 3094 1181 3209; baseline 0.004 -32"><span class='ocrx_word' id='word_1_118' title='bbox 113 3095 304 3204; x_wconf 89' lang='lat' dir='ltr'>Angustos</span> <span class='ocrx_word' id='word_1_119' title='bbox 321 3095 482 3177; x_wconf 89' lang='lat' dir='ltr'>habeant</span> <span class='ocrx_word' id='word_1_120' title='bbox 498 3097 636 3182; x_wconf 84' lang='lat' dir='ltr'>aditus:</span> <span class='ocrx_word' id='word_1_121' title='bbox 668 3125 757 3183; x_wconf 85' lang='lat' dir='ltr'>nam</span> <span class='ocrx_word' id='word_1_122' title='bbox 774 3099 910 3206; x_wconf 86' lang='lat' dir='ltr'>frigore</span> <span class='ocrx_word' id='word_1_123' title='bbox 929 3094 1042 3181; x_wconf 76' lang='lat' dir='ltr'>mella</span> <span class='ocrx_word' id='word_1_124' title='bbox 1126 3124 1148 3206; x_wconf 81' lang='lat'><em>3</em></span> <span class='ocrx_word' id='word_1_125' title='bbox 1158 3123 1181 3209; x_wconf 83' lang='grc' dir='ltr'><strong><em>ς</em></strong></span> 
     </span>
     <span class='ocr_line' id='line_1_21' title="bbox 113 3230 1146 3346; baseline 0.003 -31"><span class='ocrx_word' id='word_1_126' title='bbox 113 3237 228 3344; x_wconf 86' lang='lat' dir='ltr'>Cogit</span> <span class='ocrx_word' id='word_1_127' title='bbox 243 3234 391 3345; x_wconf 86' lang='lat' dir='ltr'>hyems,</span> <span class='ocrx_word' id='word_1_128' title='bbox 422 3237 629 3346; x_wconf 86' lang='lat' dir='ltr'>eademque</span> <span class='ocrx_word' id='word_1_129' title='bbox 647 3235 747 3316; x_wconf 89' lang='lat' dir='ltr'>calor</span> <span class='ocrx_word' id='word_1_130' title='bbox 765 3234 962 3343; x_wconf 62' lang='lat' dir='ltr'>liquefacta</span> <span class='ocrx_word' id='word_1_131' title='bbox 979 3230 1146 3318; x_wconf 87' lang='lat' dir='ltr'>remittit.</span> 
     </span>
     <span class='ocr_line' id='line_1_22' title="bbox 114 3369 1145 3496; baseline 0 -43"><span class='ocrx_word' id='word_1_132' title='bbox 114 3374 284 3485; x_wconf 88' lang='lat' dir='ltr'>Utraque</span> <span class='ocrx_word' id='word_1_133' title='bbox 301 3375 355 3456; x_wconf 89' lang='lat' dir='ltr'>vis</span> <span class='ocrx_word' id='word_1_134' title='bbox 372 3375 502 3487; x_wconf 88' lang='lat' dir='ltr'>apibus</span> <span class='ocrx_word' id='word_1_135' title='bbox 517 3376 650 3485; x_wconf 88' lang='lat' dir='ltr'>pariter</span> <span class='ocrx_word' id='word_1_136' title='bbox 667 3373 892 3496; x_wconf 81' lang='lat' dir='ltr'>metuenda:</span> <span class='ocrx_word' id='word_1_137' title='bbox 924 3399 1046 3483; x_wconf 91' lang='lat' dir='ltr'>neque</span> <span class='ocrx_word' id='word_1_138' title='bbox 1059 3369 1145 3453; x_wconf 83' lang='lat' dir='ltr'>illae</span> 
     </span>
     <span class='ocr_line' id='line_1_23' title="bbox 115 3493 991 3625; baseline -0.001 -29"><span class='ocrx_word' id='word_1_139' title='bbox 115 3516 386 3625; x_wconf 89' lang='lat' dir='ltr'>Nequicquam</span> <span class='ocrx_word' id='word_1_140' title='bbox 404 3517 444 3597; x_wconf 92' lang='lat' dir='ltr'>in</span> <span class='ocrx_word' id='word_1_141' title='bbox 462 3517 566 3600; x_wconf 73' lang='lat' dir='ltr'>tectis</span> <span class='ocrx_word' id='word_1_142' title='bbox 586 3493 755 3598; x_wconf 87' lang='lat' dir='ltr'>certatim</span> <span class='ocrx_word' id='word_1_143' title='bbox 770 3513 894 3596; x_wconf 91' lang='lat' dir='ltr'>tenuia</span> <span class='ocrx_word' id='word_1_144' title='bbox 907 3540 991 3595; x_wconf 81' lang='lat' dir='ltr'>cera</span> 
     </span>
     <span class='ocr_line' id='line_1_24' title="bbox 117 3652 1011 3765; baseline 0 -33"><span class='ocrx_word' id='word_1_145' title='bbox 117 3655 349 3763; x_wconf 80' lang='lat' dir='ltr'>Spitamenta</span> <span class='ocrx_word' id='word_1_146' title='bbox 365 3658 501 3758; x_wconf 92' lang='lat' dir='ltr'>linunt,</span> <span class='ocrx_word' id='word_1_147' title='bbox 531 3657 695 3765; x_wconf 89' lang='lat' dir='ltr'>fucoque</span> <span class='ocrx_word' id='word_1_148' title='bbox 713 3673 750 3736; x_wconf 88' lang='lat' dir='ltr'>et</span> <span class='ocrx_word' id='word_1_149' title='bbox 763 3652 915 3735; x_wconf 85' lang='lat' dir='ltr'>floribus</span> <span class='ocrx_word' id='word_1_150' title='bbox 929 3680 1011 3734; x_wconf 90' lang='lat' dir='ltr'>oras</span> 
     </span>
     <span class='ocr_line' id='line_1_25' title="bbox 114 3789 1187 3906; baseline -0.002 -30"><span class='ocrx_word' id='word_1_151' title='bbox 114 3793 294 3904; x_wconf 85' lang='lat' dir='ltr'>Explent,</span> <span class='ocrx_word' id='word_1_152' title='bbox 325 3796 601 3906; x_wconf 71' lang='lat' dir='ltr'>colledtumque</span> <span class='ocrx_word' id='word_1_153' title='bbox 614 3794 709 3879; x_wconf 89' lang='lat' dir='ltr'>haec</span> <span class='ocrx_word' id='word_1_154' title='bbox 722 3794 798 3905; x_wconf 91' lang='lat' dir='ltr'>ipsa</span> <span class='ocrx_word' id='word_1_155' title='bbox 810 3792 858 3873; x_wconf 89' lang='lat' dir='ltr'>ad</span> <span class='ocrx_word' id='word_1_156' title='bbox 870 3819 1028 3873; x_wconf 87' lang='lat' dir='ltr'>munera</span> <span class='ocrx_word' id='word_1_157' title='bbox 1043 3789 1187 3900; x_wconf 87' lang='lat' dir='ltr'>gluten,</span> 
     </span>
     <span class='ocr_line' id='line_1_26' title="bbox 115 3929 1184 4045; baseline 0.002 -31"><span class='ocrx_word' id='word_1_158' title='bbox 115 3933 168 4014; x_wconf 92' lang='lat' dir='ltr'>Et</span> <span class='ocrx_word' id='word_1_159' title='bbox 186 3933 286 4015; x_wconf 87' lang='lat' dir='ltr'>visco</span> <span class='ocrx_word' id='word_1_160' title='bbox 303 3952 341 4014; x_wconf 87' lang='lat' dir='ltr'>et</span> <span class='ocrx_word' id='word_1_161' title='bbox 354 3934 538 4045; x_wconf 84' lang='lat' dir='ltr'>Phrygiae</span> <span class='ocrx_word' id='word_1_162' title='bbox 552 3934 693 4017; x_wconf 87' lang='lat' dir='ltr'>servant</span> <span class='ocrx_word' id='word_1_163' title='bbox 710 3933 793 4045; x_wconf 84' lang='lat' dir='ltr'>pice</span> <span class='ocrx_word' id='word_1_164' title='bbox 811 3930 943 4014; x_wconf 84' lang='lat' dir='ltr'>lentius</span> <span class='ocrx_word' id='word_1_165' title='bbox 957 3929 1057 4017; x_wconf 83' lang='lat' dir='ltr'>Idae.</span> <span class='ocrx_word' id='word_1_166' title='bbox 1128 3959 1184 4038; x_wconf 84' lang='lat'>41</span> 
     </span>
     <span class='ocr_line' id='line_1_27' title="bbox 118 4068 1056 4188; baseline 0.004 -35"><span class='ocrx_word' id='word_1_167' title='bbox 118 4074 235 4185; x_wconf 88' lang='lat' dir='ltr'>Saepe</span> <span class='ocrx_word' id='word_1_168' title='bbox 252 4075 369 4157; x_wconf 85' lang='lat' dir='ltr'>etiarn</span> <span class='ocrx_word' id='word_1_169' title='bbox 381 4075 516 4159; x_wconf 86' lang='lat' dir='ltr'>effoffis</span> <span class='ocrx_word' id='word_1_170' title='bbox 533 4075 579 4188; x_wconf 83' lang='lat' dir='ltr'>(fi</span> <span class='ocrx_word' id='word_1_171' title='bbox 596 4102 682 4157; x_wconf 88' lang='lat' dir='ltr'>vera</span> <span class='ocrx_word' id='word_1_172' title='bbox 697 4074 752 4155; x_wconf 88' lang='lat' dir='ltr'>est</span> <span class='ocrx_word' id='word_1_173' title='bbox 767 4068 889 4177; x_wconf 68' lang='lat' dir='ltr'>mura)</span> <span class='ocrx_word' id='word_1_174' title='bbox 908 4068 1056 4157; x_wconf 79' lang='lat' dir='ltr'>latebris</span> 
     </span>
    </p>
   </div>
   <div class='ocr_carea' id='block_1_3' title="bbox 120 4213 1196 4477">
    <p class='ocr_par' dir='ltr' id='par_1_10' title="bbox 120 4213 1196 4477">
     <span class='ocr_line' id='line_1_28' title="bbox 120 4213 1032 4327; baseline -0.007 -25"><span class='ocrx_word' id='word_1_175' title='bbox 120 4215 197 4302; x_wconf 78' lang='lat' dir='ltr'>Sub</span> <span class='ocrx_word' id='word_1_176' title='bbox 213 4219 306 4300; x_wconf 86' lang='lat' dir='ltr'>¹terra</span> <span class='ocrx_word' id='word_1_177' title='bbox 323 4215 450 4307; x_wconf 83' lang='lat' dir='ltr'>fodere</span> <span class='ocrx_word' id='word_1_178' title='bbox 469 4218 599 4316; x_wconf 86' lang='lat' dir='ltr'>larem,</span> <span class='ocrx_word' id='word_1_179' title='bbox 629 4213 848 4327; x_wconf 88' lang='lat' dir='ltr'>penitusque</span> <span class='ocrx_word' id='word_1_180' title='bbox 868 4226 1032 4322; x_wconf 77' lang='lat' dir='ltr'>repertae</span> 
     </span>
     <span class='ocr_line' id='line_1_29' title="bbox 564 4339 1196 4477; baseline -0.022 -39"><span class='ocrx_word' id='word_1_181' title='bbox 564 4358 610 4445; x_wconf 85' lang='lat' dir='ltr'>H</span> <span class='ocrx_word' id='word_1_182' title='bbox 638 4386 662 4477; x_wconf 78' lang='lat'>3</span> <span class='ocrx_word' id='word_1_183' title='bbox 903 4339 1196 4452; x_wconf 87' lang='lat' dir='ltr'>Pumicibusque</span> 
     </span>
    </p>
   </div>
   <div class='ocr_carea' id='block_1_4' title="bbox 0 0 1488 5078">
    <p class='ocr_par' dir='ltr' id='par_1_11' title="bbox 0 0 1488 5078">
     <span class='ocr_line' id='line_1_30' title="bbox 0 0 1488 5078; baseline 0 0"><span class='ocrx_word' id='word_1_184' title='bbox 0 0 1488 5078; x_wconf 95' lang='lat' dir='ltr'> </span> 
     </span>
    </p>
   </div>
  </div>
 </body>
</html>
