2948 5078
304 321 941 435 ‘Aruernoeru-Ill.
1074 355 1170 465 2¹93
1303 273 1308 295 ἲ

112 533 316 652 Harpyiae,
338 559 377 624 et
394 537 539 650 magnis
565 536 735 646 quatiunt
759 534 994 643 clangoribus
1006 532 1099 635 alas,

111 678 383 787 Diripiuntque
396 674 521 783 dapes,
542 673 790 778 contactuque
802 668 930 749 onmia
941 667 1093 752 foedarat
1165 670 1168 675 ⁴

109 817 340 905 immundo:
355 831 457 911 ‚mm
476 837 553 893 vox
571 824 711 892 tetrum
729 810 810 891 dira
821 806 917 892 inter
933 809 1101 899 odorem
1163 811 1167 883 ζ

107 954 277 1043 ‘Rursum
294 934 484 1035 insecelsu
503 951 617 1058 longo
633 947 702 1029 sub
719 976 811 1060 rupe
833 965 972 1048 cavata,

109 1091 319 1177 Arboribus
331 1089 443 1174 clausi
456 1088 602 1171 circum
613 1103 726 1196 atque
740 1085 973 1170 horrentibus
986 1087 1140 1186 umbris,
1152 1120 1164 1159 a

109 1232 331 1317 imbuimus
344 1227 499 1328 mensas,
516 1226 659 1335 arisque
676 1226 891 1335 reponimus
910 1227 1051 1337 ignem.
1082 1257 1104 1314 a
1113 1257 1167 1340 31

109 1373 277 1454 Rursum
291 1396 340 1453 ex
353 1367 494 1450 diverso
511 1366 605 1448 coeli
623 1366 812 1477 caecisque
830 1366 989 1468 latebris,

105 1512 243 1594 ,Turba
255 1510 385 1593 sonans
398 1507 576 1622 praedam
586 1506 742 1617 pedibus
752 1488 995 1589 circumvolat
1013 1508 1116 1590 uncis
1124 1547 1137 1605 ς

63 1677 74 1701 ·
102 1653 252 1755 Polluit
269 1680 333 1734 ore
350 1651 474 1763 dapes.
503 1648 609 1732 sociis
629 1665 731 1748 tunc,
753 1677 857 1729 arnu
874 1649 1069 1759 capessant,

109 1793 243 1893 Edico,
259 1811 297 1875 et
312 1790 392 1872 dira
405 1788 549 1872 bellum
570 1806 781 1898 cumgente
798 1791 1015 1899 gerendum.
1057 1815 1132 1898 .23
1142 1797 1166 1900 ς
1328 1898 1332 1915 1

108 1931 227 2017 Haud
241 1932 343 2014 secus
360 1958 404 2012 ac
413 1930 500 2040 jussa
520 1929 675 2028 faciunt,
688 1929 875 2038 cessosque
888 1958 954 2041 per
971 1927 1131 2013 herbam
1162 1986 1166 1996 ·

107 2072 324 2183 Disponunt
339 2071 453 2175 enses,
470 2088 508 2153 et
525 2069 626 2151 scuta
643 2067 790 2151 latentia
808 2070 987 2151 condunt.
1163 2136 1168 2143 .

106 2212 211 2322 Ergo
229 2211 296 2293 ubi
313 2209 478 2321 delapsae
496 2209 659 2292 sonitum
676 2238 743 2321 per
756 2238 868 2293 curva
879 2211 1015 2294 dedere

106 2345 236 2431 Litora
248 2389 261 2449 ς
291 2349 355 2430 dat
372 2351 521 2462 tignum
540 2350 688 2462 specula
712 2352 879 2435 Misenus
895 2353 943 2433 ab
966 2349 1040 2435 alta
1153 2401 1155 2406 .

107 2487 208 2570 Aere
227 2517 338 2573 cavo:
369 2491 548 2575 invadunt
566 2492 666 2588 socii,
681 2510 719 2569 et
731 2517 827 2571 nova
845 2490 980 2598 praelia
993 2505 1147 2584 tentant,

107 2623 318 2708 Obscoenas
335 2628 456 2735 pelugi
474 2626 573 2705 ferro
589 2624 737 2705 foedare
755 2627 933 2708 volucres.
1086 2648 1165 2731 241

107 2760 181 2863 Sed
204 2787 325 2868 noque
341 2761 422 2842 vim
439 2761 578 2871 plumis
594 2759 727 2860 ullam,
748 2790 823 2849 noc,
840 2762 992 2846 vulnera
1005 2779 1110 2873 tergo
1160 2776 1166 2791 '

108 2898 337 3009 Accipiunt3
357 2899 541 3010 celerique
553 2900 644 3009 suga
656 2898 723 2982 sub
740 2902 854 2984 fidera
868 2902 999 3014 lapsae,
1159 2952 1163 2962 ·

106 3041 296 3124 Semesam
312 3041 488 3153 praedam
505 3061 544 3124 et
555 3041 706 3153 vestigia
722 3043 832 3125 foeda
849 3045 1073 3154 relinquunt.

106 3185 195 3281 Una
211 3181 250 3263 in
267 3181 448 3291 praecelsa
466 3182 630 3264 consedit
646 3211 738 3294 rupe
751 3184 914 3266 Celaeno
1080 3210 1135 3292 24
1142 3210 1166 3294 5

107 3322 244 3404 infelix
264 3341 374 3420 vates,
393 3312 567 3432 rupitque
585 3320 681 3404 hanc
695 3327 843 3434 pesiore
860 3351 1012 3405 vocem:

105 3464 257 3548 Bellum
271 3465 386 3546 etiam
405 3493 475 3575 pro
504 3467 616 3548 caede
633 3467 752 3549 boum
768 3465 956 3577 stratisque
968 3465 1149 3575 juvencis,

105 3606 456 3704 Laomedontiadas,
473 3607 665 3692 bessuxnne
684 3607 818 3689 inferre
830 3610 975 3718 paratis,

104 3751 157 3856 Et
169 3750 287 3860 patrio
308 3748 466 3833 bisontes
480 3749 667 3860 Harpyias
681 3748 817 3860 pellere
836 3777 950 3857 regno
966 3753 981 3831 ἒ
1080 3773 1166 3860 249

105 3890 276 4000 Accipite
291 3914 392 3995 ergo,
407 3888 540 3969 animis
559 3905 671 3999 atque
689 3887 781 3970 baec
798 3915 884 3970 mea
897 3887 998 3997 figite
1011 3887 1128 3968 dista:
1298 3936 1300 3940 .

104 4035 218 4146 Qae
244 4026 400 4114 Phoebo
432 4049 534 4142 pater
570 4031 818 4144 omnipotens,
862 4029 959 4125 mibi
994 4028 1169 4113 Phoebus

285 4167 430 4288 Apollo

615 4315 652 4392 Ο
970 4307 1169 4407 Praedixit,
