2948 5078
399 352 459 448 18
600 342 651 438 P.
687 345 953 440 Vrnorerr
988 343 1265 444 Minonis

396 550 494 629 Vina
509 560 651 630 novum
666 544 826 627 fundam
844 540 997 626 calathis
1009 545 1153 628 Arsissa
1165 553 1303 632 nedmr.

393 689 607 770 Cantabunt
621 683 721 767 mihi
733 687 948 783 Damoetas,
970 700 1008 765 et
1020 686 1177 795 Lydius
1193 691 1355 800 Aegon:

393 826 569 908 saltantes
582 828 729 934 Satyros
741 822 947 904 imitabitur
962 821 1246 934 Alphefiboeus.

391 967 501 1048 Haec
518 965 586 1047 tibi
603 966 747 1075 semper
758 981 888 1060 erunt;
911 981 1053 1045 etcum
1064 965 1240 1049 sollennia
1256 985 1343 1051 vota

390 1079 614 1187 Reddemus
623 1103 831 1217 Nymphis,
852 1119 891 1183 et
906 1101 1245 1188 cumlustrabimus
1262 1133 1380 1216 agros.
1400 1136 1426 1221 7
1433 1134 1457 1220 ς

391 1246 603 1354 Dumjuga
619 1243 758 1324 montis
776 1269 875 1351 aper,
896 1241 1028 1323 fluvios
1044 1243 1140 1326 dum
1157 1244 1263 1356 piscis
1277 1245 1429 1343 atnabit,

287 1461 296 1479 ,
391 1386 577 1490 Dumque
594 1380 730 1490 thymo
747 1381 939 1491 pascentur
956 1408 1056 1492 apes,
1072 1382 1169 1466 dum
1187 1412 1270 1468 rore
1288 1386 1456 1468 cicadae:

393 1525 547 1633 Semper
579 1519 713 1624 honos,
745 1546 962 1633 nomenque
993 1540 1118 1624 tuum,
1144 1523 1342 1637 laudesque
1379 1552 1462 1613 ma·

520 1708 525 1715 ·
575 1662 729 1748 nebunt.

390 1808 448 1889 Ut
463 1802 614 1889 Baccho
627 1806 840 1915 Cererique,
854 1806 923 1885 tibi
936 1805 986 1885 fic
1001 1824 1088 1888 vota
1100 1810 1299 1917 quotannis
1371 1853 1375 1866 ,

391 1937 589 2055 Agricolae
606 1941 764 2026 facient:
797 1946 990 2026 damnabis
1008 1965 1050 2026 tu
1064 1966 1216 2056 quoque
1230 1950 1336 2033 votis.
1404 1948 1459 2033 80

391 2091 508 2175 Mor.
522 2092 631 2197 Qae
642 2088 722 2188 tibi,
735 2115 832 2199 quae
845 2086 910 2168 tali
920 2088 1075 2170 reddam
1083 2116 1153 2199 pro
1166 2087 1332 2170 carmine
1340 2089 1462 2172 dona?

372 2233 500 2314 'Nam
517 2256 641 2338 neque
653 2255 719 2308 me
733 2245 881 2310 tanturn
899 2228 1078 2309 venientis
1098 2229 1223 2310 sibilus
1239 2230 1381 2327 Austri,

392 2372 480 2454 Nec
494 2367 801 2480 percussajuvant
817 2367 936 2450 flustu
948 2386 1028 2450 tam
1040 2369 1161 2471 litora,
1183 2397 1254 2451 nec
1267 2398 1364 2479 quae

394 2508 545 2591 saxosas
564 2507 659 2588 inter
677 2506 879 2589 decurrunt
899 2504 1058 2588 flumina
1076 2505 1201 2588 vallos.

240 2718 244 2726 ,
391 2648 519 2730 ΜΒΝ.
534 2647 622 2728 Hac
639 2663 677 2728 te
690 2673 759 2729 nos
775 2646 898 2756 fragili
912 2644 1135 2728 donabimus
1152 2662 1237 2726 ante
1253 2645 1384 2726 cicuta.
1406 2646 1427 2728 8
1437 2677 1459 2758 5

392 2787 503 2867 Haec
523 2812 604 2883 nos,
625 2784 853 2868 Formosum
870 2785 1050 2894 Corydon
1066 2782 1218 2866 ardebat
1234 2783 1412 2866 Alexim:

393 2922 503 3006 Haec
520 2921 655 3004 eadem
666 2923 807 3024 docuit,
826 2923 971 3033 Cujum
988 2929 1132 3037 pecus?
1149 2952 1198 3003 an
1213 2922 1422 3006 Meliboei?

391 3065 514 3149 Mor.
533 3067 589 3144 At
615 3081 659 3144 tu
685 3063 791 3145 sume
822 3063 979 3175 pedum,
1009 3063 1126 3174 quod,
1156 3091 1222 3146 me
1244 3090 1335 3143 cum
1358 3061 1463 3171 saepe

577 3221 735 3313 rogaret,
869 3225 874 3244 ·

393 3347 489 3428 Non
505 3343 590 3424 tulit
607 3345 812 3451 Antigenes
834 3345 889 3454 (et
904 3361 981 3424 erat
999 3359 1084 3423 tum
1101 3342 1235 3452 dignus
1252 3337 1387 3430 amari)

336 3568 339 3577 ,
394 3479 622 3565 Formosum
638 3478 789 3591 paribus
806 3479 913 3563 nodis
930 3496 1041 3588 atque
1059 3509 1153 3580 aere,
1167 3476 1356 3559 Menalca.
1407 3507 1464 3587 90

1199 4342 1465 4425 ECLOGA
