<?xml version="1.0" encoding="UTF-8"?>
<!DOCTYPE html PUBLIC "-//W3C//DTD XHTML 1.0 Transitional//EN"
    "http://www.w3.org/TR/xhtml1/DTD/xhtml1-transitional.dtd">
<html xmlns="http://www.w3.org/1999/xhtml" xml:lang="en" lang="en">
 <head>
  <title>
</title>
<meta http-equiv="Content-Type" content="text/html;charset=utf-8" />
  <meta name='ocr-system' content='tesseract 3.04.00' />
  <meta name='ocr-capabilities' content='ocr_page ocr_carea ocr_par ocr_line ocrx_word'/>
</head>
<body>
  <div class='ocr_page' id='page_1' title='image "./publiivirgiliim02schegoog_0342.png"; bbox 0 0 2948 5078; ppageno 0'>
   <div class='ocr_carea' id='block_1_1' title="bbox 268 368 1261 502">
    <p class='ocr_par' dir='ltr' id='par_1_1' title="bbox 268 368 1261 502">
     <span class='ocr_line' id='line_1_1' title="bbox 268 368 1261 502; baseline 0.012 -33"><span class='ocrx_word' id='word_1_1' title='bbox 268 434 271 439; x_wconf 75' lang='lat'><em>,</em></span> <span class='ocrx_word' id='word_1_2' title='bbox 428 374 761 474; x_wconf 67' lang='lat' dir='ltr'>Aruernos.</span> <span class='ocrx_word' id='word_1_3' title='bbox 804 368 930 476; x_wconf 83' lang='lat' dir='ltr'>Lra.</span> <span class='ocrx_word' id='word_1_4' title='bbox 967 375 1070 477; x_wconf 66' lang='lat' dir='ltr'>lv:</span> <span class='ocrx_word' id='word_1_5' title='bbox 1169 407 1261 502; x_wconf 82' lang='lat'>225</span> 
     </span>
    </p>
   </div>
   <div class='ocr_carea' id='block_1_2' title="bbox 174 568 1339 4173">
    <p class='ocr_par' dir='ltr' id='par_1_2' title="bbox 174 568 1339 4173">
     <span class='ocr_line' id='line_1_2' title="bbox 200 568 1176 692; baseline 0.004 -29"><span class='ocrx_word' id='word_1_6' title='bbox 200 568 291 663; x_wconf 78' lang='lat' dir='ltr'>Hoc</span> <span class='ocrx_word' id='word_1_7' title='bbox 311 576 434 659; x_wconf 89' lang='lat' dir='ltr'>solum</span> <span class='ocrx_word' id='word_1_8' title='bbox 450 606 590 661; x_wconf 87' lang='lat' dir='ltr'>nornen</span> <span class='ocrx_word' id='word_1_9' title='bbox 609 580 791 690; x_wconf 89' lang='lat' dir='ltr'>quoniam</span> <span class='ocrx_word' id='word_1_10' title='bbox 811 579 859 662; x_wconf 89' lang='lat' dir='ltr'>de</span> <span class='ocrx_word' id='word_1_11' title='bbox 877 582 1036 692; x_wconf 85' lang='lat' dir='ltr'>conjuge</span> <span class='ocrx_word' id='word_1_12' title='bbox 1056 581 1176 667; x_wconf 87' lang='lat' dir='ltr'>restat.</span> 
     </span>
     <span class='ocr_line' id='line_1_3' title="bbox 195 719 1268 830; baseline 0.005 -31"><span class='ocrx_word' id='word_1_13' title='bbox 195 719 306 827; x_wconf 75' lang='lat' dir='ltr'>Quid</span> <span class='ocrx_word' id='word_1_14' title='bbox 342 726 498 804; x_wconf 82' lang='lat' dir='ltr'>moror?</span> <span class='ocrx_word' id='word_1_15' title='bbox 539 749 589 802; x_wconf 87' lang='lat' dir='ltr'>an</span> <span class='ocrx_word' id='word_1_16' title='bbox 613 747 698 802; x_wconf 83' lang='lat' dir='ltr'>mea</span> <span class='ocrx_word' id='word_1_17' title='bbox 733 719 959 830; x_wconf 77' lang='lat' dir='ltr'><strong>Pygmalion</strong></span> <span class='ocrx_word' id='word_1_18' title='bbox 989 721 1088 805; x_wconf 88' lang='lat' dir='ltr'>dum</span> <span class='ocrx_word' id='word_1_19' title='bbox 1117 721 1268 806; x_wconf 83' lang='lat' dir='ltr'>moenia</span> 
     </span>
     <span class='ocr_line' id='line_1_4' title="bbox 383 859 1266 976; baseline 0.009 -36"><span class='ocrx_word' id='word_1_20' title='bbox 383 859 495 941; x_wconf 85' lang='lat' dir='ltr'>frater</span> <span class='ocrx_word' id='word_1_21' title='bbox 1179 892 1266 976; x_wconf 77' lang='lat'>3²5</span> 
     </span>
     <span class='ocr_line' id='line_1_5' title="bbox 174 995 1134 1115; baseline 0.009 -40"><span class='ocrx_word' id='word_1_22' title='bbox 174 1066 178 1075; x_wconf 87' lang='lat'><strong>.</strong></span> <span class='ocrx_word' id='word_1_23' title='bbox 201 995 404 1115; x_wconf 86' lang='lat' dir='ltr'>Destruat?</span> <span class='ocrx_word' id='word_1_24' title='bbox 433 1015 498 1079; x_wconf 90' lang='lat' dir='ltr'>aut</span> <span class='ocrx_word' id='word_1_25' title='bbox 510 1015 658 1109; x_wconf 87' lang='lat' dir='ltr'>captam</span> <span class='ocrx_word' id='word_1_26' title='bbox 677 999 789 1081; x_wconf 90' lang='lat' dir='ltr'>ducat</span> <span class='ocrx_word' id='word_1_27' title='bbox 805 997 965 1081; x_wconf 88' lang='lat' dir='ltr'>Getulus</span> <span class='ocrx_word' id='word_1_28' title='bbox 983 999 1134 1084; x_wconf 77' lang='lat' dir='ltr'>Iarbas?</span> 
     </span>
     <span class='ocr_line' id='line_1_6' title="bbox 200 1137 1041 1252; baseline 0.006 -35"><span class='ocrx_word' id='word_1_29' title='bbox 200 1137 353 1238; x_wconf 81' lang='lat' dir='ltr'>Saltem,</span> <span class='ocrx_word' id='word_1_30' title='bbox 371 1139 399 1218; x_wconf 85' lang='lat' dir='ltr'>fi</span> <span class='ocrx_word' id='word_1_31' title='bbox 417 1167 493 1249; x_wconf 88' lang='lat' dir='ltr'>qua</span> <span class='ocrx_word' id='word_1_32' title='bbox 505 1138 603 1221; x_wconf 88' lang='lat' dir='ltr'>mihi</span> <span class='ocrx_word' id='word_1_33' title='bbox 616 1140 664 1222; x_wconf 92' lang='lat' dir='ltr'>de</span> <span class='ocrx_word' id='word_1_34' title='bbox 681 1160 718 1221; x_wconf 91' lang='lat' dir='ltr'>te</span> <span class='ocrx_word' id='word_1_35' title='bbox 741 1138 901 1252; x_wconf 85' lang='lat' dir='ltr'>suscepta</span> <span class='ocrx_word' id='word_1_36' title='bbox 918 1140 1041 1222; x_wconf 81' lang='lat' dir='ltr'>firilset</span> 
     </span>
     <span class='ocr_line' id='line_1_7' title="bbox 199 1275 1175 1391; baseline 0.009 -36"><span class='ocrx_word' id='word_1_37' title='bbox 199 1278 302 1358; x_wconf 87' lang='lat' dir='ltr'>Ante</span> <span class='ocrx_word' id='word_1_38' title='bbox 320 1275 452 1386; x_wconf 76' lang='lat' dir='ltr'>fugam</span> <span class='ocrx_word' id='word_1_39' title='bbox 471 1277 626 1378; x_wconf 81' lang='lat' dir='ltr'>soboles,</span> <span class='ocrx_word' id='word_1_40' title='bbox 650 1280 775 1390; x_wconf 80' lang='lat' dir='ltr'>liquis</span> <span class='ocrx_word' id='word_1_41' title='bbox 794 1280 891 1361; x_wconf 90' lang='lat' dir='ltr'>mihi</span> <span class='ocrx_word' id='word_1_42' title='bbox 901 1278 1076 1391; x_wconf 83' lang='lat' dir='ltr'>parvulus</span> <span class='ocrx_word' id='word_1_43' title='bbox 1090 1281 1175 1364; x_wconf 86' lang='lat' dir='ltr'>aula</span> 
     </span>
     <span class='ocr_line' id='line_1_8' title="bbox 201 1410 1115 1531; baseline 0.01 -36"><span class='ocrx_word' id='word_1_44' title='bbox 201 1418 366 1500; x_wconf 88' lang='lat' dir='ltr'>Luderet</span> <span class='ocrx_word' id='word_1_45' title='bbox 381 1420 539 1524; x_wconf 79' lang='lat' dir='ltr'>Aeneas,</span> <span class='ocrx_word' id='word_1_46' title='bbox 559 1424 627 1531; x_wconf 92' lang='lat' dir='ltr'>qui</span> <span class='ocrx_word' id='word_1_47' title='bbox 642 1440 681 1504; x_wconf 93' lang='lat' dir='ltr'>te</span> <span class='ocrx_word' id='word_1_48' title='bbox 696 1410 844 1505; x_wconf 86' lang='lat' dir='ltr'>tantum</span> <span class='ocrx_word' id='word_1_49' title='bbox 857 1450 921 1504; x_wconf 89' lang='lat' dir='ltr'>ore</span> <span class='ocrx_word' id='word_1_50' title='bbox 938 1421 1115 1523; x_wconf 81' lang='lat' dir='ltr'>referret;</span> 
     </span>
     <span class='ocr_line' id='line_1_9' title="bbox 200 1552 1263 1676; baseline 0.009 -40"><span class='ocrx_word' id='word_1_51' title='bbox 200 1552 294 1638; x_wconf 91' lang='lat' dir='ltr'>Non</span> <span class='ocrx_word' id='word_1_52' title='bbox 303 1557 481 1668; x_wconf 87' lang='lat' dir='ltr'>equidem</span> <span class='ocrx_word' id='word_1_53' title='bbox 496 1560 653 1642; x_wconf 89' lang='lat' dir='ltr'>omnino</span> <span class='ocrx_word' id='word_1_54' title='bbox 664 1579 771 1673; x_wconf 87' lang='lat' dir='ltr'>capta</span> <span class='ocrx_word' id='word_1_55' title='bbox 781 1578 845 1644; x_wconf 87' lang='lat' dir='ltr'>aut</span> <span class='ocrx_word' id='word_1_56' title='bbox 858 1561 996 1645; x_wconf 89' lang='lat' dir='ltr'>deserta</span> <span class='ocrx_word' id='word_1_57' title='bbox 1007 1562 1162 1649; x_wconf 86' lang='lat' dir='ltr'>viderer.</span> <span class='ocrx_word' id='word_1_58' title='bbox 1177 1591 1263 1676; x_wconf 83' lang='lat'>330</span> 
     </span>
     <span class='ocr_line' id='line_1_10' title="bbox 201 1695 1096 1807; baseline 0.011 -32"><span class='ocrx_word' id='word_1_59' title='bbox 201 1695 368 1784; x_wconf 81' lang='lat' dir='ltr'>Dixerat.</span> <span class='ocrx_word' id='word_1_60' title='bbox 397 1698 461 1779; x_wconf 91' lang='lat' dir='ltr'>ille</span> <span class='ocrx_word' id='word_1_61' title='bbox 477 1699 581 1807; x_wconf 82' lang='lat' dir='ltr'>Jovia</span> <span class='ocrx_word' id='word_1_62' title='bbox 599 1701 750 1783; x_wconf 85' lang='lat' dir='ltr'>monitis</span> <span class='ocrx_word' id='word_1_63' title='bbox 768 1701 930 1784; x_wconf 87' lang='lat' dir='ltr'>immota</span> <span class='ocrx_word' id='word_1_64' title='bbox 946 1703 1096 1785; x_wconf 87' lang='lat' dir='ltr'>tenebat</span> 
     </span>
     <span class='ocr_line' id='line_1_11' title="bbox 202 1834 1186 1951; baseline 0.013 -38"><span class='ocrx_word' id='word_1_65' title='bbox 202 1834 381 1937; x_wconf 89' lang='lat' dir='ltr'>Lumina,</span> <span class='ocrx_word' id='word_1_66' title='bbox 400 1855 439 1918; x_wconf 88' lang='lat' dir='ltr'>et</span> <span class='ocrx_word' id='word_1_67' title='bbox 453 1836 615 1920; x_wconf 81' lang='lat' dir='ltr'>obnixus</span> <span class='ocrx_word' id='word_1_68' title='bbox 628 1866 758 1922; x_wconf 89' lang='lat' dir='ltr'>curam</span> <span class='ocrx_word' id='word_1_69' title='bbox 769 1839 837 1922; x_wconf 91' lang='lat' dir='ltr'>sub</span> <span class='ocrx_word' id='word_1_70' title='bbox 855 1839 966 1923; x_wconf 89' lang='lat' dir='ltr'>corde</span> <span class='ocrx_word' id='word_1_71' title='bbox 982 1840 1186 1951; x_wconf 87' lang='lat' dir='ltr'>premebat.</span> 
     </span>
     <span class='ocr_line' id='line_1_12' title="bbox 196 1971 1247 2090; baseline 0.01 -39"><span class='ocrx_word' id='word_1_72' title='bbox 196 1971 376 2054; x_wconf 85' lang='lat' dir='ltr'><strong>Tandem</strong></span> <span class='ocrx_word' id='word_1_73' title='bbox 392 2003 511 2086; x_wconf 85' lang='lat' dir='ltr'>pauca</span> <span class='ocrx_word' id='word_1_74' title='bbox 523 1977 658 2078; x_wconf 87' lang='lat' dir='ltr'>refert;</span> <span class='ocrx_word' id='word_1_75' title='bbox 686 2008 757 2090; x_wconf 86' lang='lat' dir='ltr'>ego</span> <span class='ocrx_word' id='word_1_76' title='bbox 775 1998 937 2090; x_wconf 66' lang='lat' dir='ltr'>eaquae</span> <span class='ocrx_word' id='word_1_77' title='bbox 953 1977 1116 2090; x_wconf 89' lang='lat' dir='ltr'>plurima</span> <span class='ocrx_word' id='word_1_78' title='bbox 1132 1980 1247 2063; x_wconf 79' lang='lat' dir='ltr'>fando</span> 
     </span>
     <span class='ocr_line' id='line_1_13' title="bbox 197 2108 1107 2228; baseline 0.013 -40"><span class='ocrx_word' id='word_1_79' title='bbox 197 2108 427 2197; x_wconf 84' lang='lat' dir='ltr'>Enumerare</span> <span class='ocrx_word' id='word_1_80' title='bbox 447 2112 557 2212; x_wconf 83' lang='lat' dir='ltr'>vales,</span> <span class='ocrx_word' id='word_1_81' title='bbox 577 2142 786 2228; x_wconf 85' lang='lat' dir='ltr'>nunquam,</span> <span class='ocrx_word' id='word_1_82' title='bbox 801 2118 940 2228; x_wconf 86' lang='lat' dir='ltr'>regina,</span> <span class='ocrx_word' id='word_1_83' title='bbox 961 2118 1107 2227; x_wconf 82' lang='lat' dir='ltr'>negabo</span> 
     </span>
     <span class='ocr_line' id='line_1_14' title="bbox 196 2240 1266 2370; baseline 0.009 -42"><span class='ocrx_word' id='word_1_84' title='bbox 196 2240 468 2335; x_wconf 85' lang='lat' dir='ltr'>Promeritarn:</span> <span class='ocrx_word' id='word_1_85' title='bbox 501 2254 1009 2364; x_wconf 82' lang='lat' dir='ltr'>necmememiniffepigebit</span> <span class='ocrx_word' id='word_1_86' title='bbox 1022 2250 1164 2353; x_wconf 79' lang='lat' dir='ltr'>Elisae3</span> <span class='ocrx_word' id='word_1_87' title='bbox 1180 2281 1231 2365; x_wconf 90' lang='grc'>33</span> <span class='ocrx_word' id='word_1_88' title='bbox 1240 2279 1266 2370; x_wconf 82' lang='lat'>5</span> 
     </span>
     <span class='ocr_line' id='line_1_15' title="bbox 198 2391 1267 2506; baseline 0.004 -31"><span class='ocrx_word' id='word_1_89' title='bbox 198 2391 308 2475; x_wconf 87' lang='lat' dir='ltr'>Dum</span> <span class='ocrx_word' id='word_1_90' title='bbox 325 2422 478 2479; x_wconf 88' lang='lat' dir='ltr'>memor</span> <span class='ocrx_word' id='word_1_91' title='bbox 490 2395 567 2506; x_wconf 83' lang='lat' dir='ltr'>lpse</span> <span class='ocrx_word' id='word_1_92' title='bbox 584 2398 673 2497; x_wconf 81' lang='lat' dir='ltr'>mei,</span> <span class='ocrx_word' id='word_1_93' title='bbox 692 2399 788 2479; x_wconf 89' lang='lat' dir='ltr'>dum</span> <span class='ocrx_word' id='word_1_94' title='bbox 800 2394 945 2503; x_wconf 86' lang='lat' dir='ltr'>spiritus</span> <span class='ocrx_word' id='word_1_95' title='bbox 958 2395 1029 2477; x_wconf 87' lang='lat' dir='ltr'>hos</span> <span class='ocrx_word' id='word_1_96' title='bbox 1045 2414 1147 2505; x_wconf 87' lang='lat' dir='ltr'>reget</span> <span class='ocrx_word' id='word_1_97' title='bbox 1156 2414 1267 2480; x_wconf 89' lang='lat' dir='ltr'>artus.</span> 
     </span>
     <span class='ocr_line' id='line_1_16' title="bbox 198 2529 1268 2645; baseline 0.006 -36"><span class='ocrx_word' id='word_1_98' title='bbox 198 2529 273 2613; x_wconf 91' lang='lat' dir='ltr'>Pro</span> <span class='ocrx_word' id='word_1_99' title='bbox 297 2562 337 2616; x_wconf 91' lang='lat' dir='ltr'>re</span> <span class='ocrx_word' id='word_1_100' title='bbox 368 2562 487 2645; x_wconf 86' lang='lat' dir='ltr'>pauca</span> <span class='ocrx_word' id='word_1_101' title='bbox 520 2534 672 2642; x_wconf 83' lang='lat' dir='ltr'>loquar:</span> <span class='ocrx_word' id='word_1_102' title='bbox 713 2558 786 2613; x_wconf 92' lang='lat' dir='ltr'>nec</span> <span class='ocrx_word' id='word_1_103' title='bbox 814 2558 886 2640; x_wconf 82' lang='lat' dir='ltr'>ego</span> <span class='ocrx_word' id='word_1_104' title='bbox 917 2531 1015 2641; x_wconf 85' lang='lat' dir='ltr'>hanc</span> <span class='ocrx_word' id='word_1_105' title='bbox 1046 2532 1268 2616; x_wconf 77' lang='lat' dir='ltr'>abscondere</span> 
     </span>
     <span class='ocr_line' id='line_1_17' title="bbox 383 2669 485 2751; baseline -0.02 0"><span class='ocrx_word' id='word_1_106' title='bbox 383 2669 485 2751; x_wconf 88' lang='lat' dir='ltr'>furto</span> 
     </span>
     <span class='ocr_line' id='line_1_18' title="bbox 196 2800 1217 2921; baseline 0 -29"><span class='ocrx_word' id='word_1_107' title='bbox 196 2808 355 2921; x_wconf 77' lang='lat' dir='ltr'>Speravi,</span> <span class='ocrx_word' id='word_1_108' title='bbox 376 2835 424 2891; x_wconf 90' lang='lat' dir='ltr'>ne</span> <span class='ocrx_word' id='word_1_109' title='bbox 450 2806 563 2916; x_wconf 86' lang='lat' dir='ltr'>finge,</span> <span class='ocrx_word' id='word_1_110' title='bbox 583 2800 742 2918; x_wconf 64' lang='lat' dir='ltr'>fugam</span> <span class='ocrx_word' id='word_1_111' title='bbox 773 2832 844 2888; x_wconf 89' lang='lat' dir='ltr'>nec</span> <span class='ocrx_word' id='word_1_112' title='bbox 861 2800 1028 2917; x_wconf 82' lang='lat' dir='ltr'>conjugis</span> <span class='ocrx_word' id='word_1_113' title='bbox 1046 2834 1217 2919; x_wconf 84' lang='lat' dir='ltr'>unquam</span> 
     </span>
     <span class='ocr_line' id='line_1_19' title="bbox 198 2926 1100 3044; baseline 0.001 -13"><span class='ocrx_word' id='word_1_114' title='bbox 198 2926 393 3031; x_wconf 58' lang='lat' dir='ltr'>praetendi</span> <span class='ocrx_word' id='word_1_115' title='bbox 410 2943 544 3044; x_wconf 70' lang='lat' dir='ltr'>medas,</span> <span class='ocrx_word' id='word_1_116' title='bbox 569 2964 634 3026; x_wconf 90' lang='lat' dir='ltr'>aut</span> <span class='ocrx_word' id='word_1_117' title='bbox 649 2945 743 3029; x_wconf 89' lang='lat' dir='ltr'>haec</span> <span class='ocrx_word' id='word_1_118' title='bbox 768 2945 807 3028; x_wconf 89' lang='lat' dir='ltr'>in</span> <span class='ocrx_word' id='word_1_119' title='bbox 831 2946 980 3029; x_wconf 87' lang='lat' dir='ltr'>foedera</span> <span class='ocrx_word' id='word_1_120' title='bbox 1002 2948 1100 3033; x_wconf 89' lang='lat' dir='ltr'>veni.</span> 
     </span>
     <span class='ocr_line' id='line_1_20' title="bbox 196 3083 1339 3200; baseline -0.004 -30"><span class='ocrx_word' id='word_1_121' title='bbox 196 3088 269 3171; x_wconf 88' lang='lat' dir='ltr'>Me</span> <span class='ocrx_word' id='word_1_122' title='bbox 285 3089 314 3173; x_wconf 82' lang='lat' dir='ltr'>ti</span> <span class='ocrx_word' id='word_1_123' title='bbox 330 3084 407 3169; x_wconf 82' lang='lat' dir='ltr'>fata</span> <span class='ocrx_word' id='word_1_124' title='bbox 423 3083 518 3165; x_wconf 80' lang='lat' dir='ltr'>meir</span> <span class='ocrx_word' id='word_1_125' title='bbox 535 3102 745 3195; x_wconf 85' lang='lat' dir='ltr'>paterentur</span> <span class='ocrx_word' id='word_1_126' title='bbox 763 3085 898 3168; x_wconf 89' lang='lat' dir='ltr'>ducere</span> <span class='ocrx_word' id='word_1_127' title='bbox 914 3087 1033 3169; x_wconf 88' lang='lat' dir='ltr'>vitam</span> <span class='ocrx_word' id='word_1_128' title='bbox 1179 3116 1265 3200; x_wconf 84' lang='lat'>340</span> <span class='ocrx_word' id='word_1_129' title='bbox 1335 3158 1339 3165; x_wconf 84' lang='lat'><strong>.</strong></span> 
     </span>
     <span class='ocr_line' id='line_1_21' title="bbox 199 3221 1101 3337; baseline -0.002 -30"><span class='ocrx_word' id='word_1_130' title='bbox 199 3225 396 3337; x_wconf 75' lang='lat' dir='ltr'>Auspiciis,</span> <span class='ocrx_word' id='word_1_131' title='bbox 417 3240 456 3303; x_wconf 91' lang='lat' dir='ltr'>et</span> <span class='ocrx_word' id='word_1_132' title='bbox 473 3221 601 3332; x_wconf 85' lang='lat' dir='ltr'>sponte</span> <span class='ocrx_word' id='word_1_133' title='bbox 620 3253 706 3307; x_wconf 82' lang='lat' dir='ltr'>mea</span> <span class='ocrx_word' id='word_1_134' title='bbox 725 3252 953 3335; x_wconf 87' lang='lat' dir='ltr'>componere</span> <span class='ocrx_word' id='word_1_135' title='bbox 970 3251 1101 3323; x_wconf 72' lang='lat' dir='ltr'>curas3</span> 
     </span>
     <span class='ocr_line' id='line_1_22' title="bbox 197 3361 1162 3472; baseline -0.001 -28"><span class='ocrx_word' id='word_1_136' title='bbox 197 3363 347 3446; x_wconf 88' lang='lat' dir='ltr'>Urbem</span> <span class='ocrx_word' id='word_1_137' title='bbox 359 3362 565 3472; x_wconf 89' lang='lat' dir='ltr'>Trojanam</span> <span class='ocrx_word' id='word_1_138' title='bbox 579 3362 747 3472; x_wconf 88' lang='lat' dir='ltr'>primum</span> <span class='ocrx_word' id='word_1_139' title='bbox 763 3361 962 3471; x_wconf 87' lang='lat' dir='ltr'>dulcesque</span> <span class='ocrx_word' id='word_1_140' title='bbox 988 3389 1162 3443; x_wconf 88' lang='lat' dir='ltr'>meorum</span> 
     </span>
     <span class='ocr_line' id='line_1_23' title="bbox 199 3500 1209 3616; baseline -0.003 -31"><span class='ocrx_word' id='word_1_141' title='bbox 199 3502 405 3616; x_wconf 84' lang='lat' dir='ltr'>Relliquiaa</span> <span class='ocrx_word' id='word_1_142' title='bbox 422 3501 609 3584; x_wconf 79' lang='lat' dir='ltr'>coleremr</span> <span class='ocrx_word' id='word_1_143' title='bbox 638 3502 779 3611; x_wconf 81' lang='lat' dir='ltr'>Priami</span> <span class='ocrx_word' id='word_1_144' title='bbox 797 3503 894 3584; x_wconf 74' lang='lat' dir='ltr'>teila</span> <span class='ocrx_word' id='word_1_145' title='bbox 914 3500 986 3583; x_wconf 86' lang='lat' dir='ltr'>alta</span> <span class='ocrx_word' id='word_1_146' title='bbox 1004 3519 1209 3601; x_wconf 84' lang='lat' dir='ltr'>manerent,</span> 
     </span>
     <span class='ocr_line' id='line_1_24' title="bbox 196 3641 1083 3753; baseline 0 -28"><span class='ocrx_word' id='word_1_147' title='bbox 196 3643 249 3726; x_wconf 89' lang='lat' dir='ltr'>Et</span> <span class='ocrx_word' id='word_1_148' title='bbox 264 3645 424 3727; x_wconf 86' lang='lat' dir='ltr'>recidiva</span> <span class='ocrx_word' id='word_1_149' title='bbox 436 3669 553 3725; x_wconf 88' lang='lat' dir='ltr'>manu</span> <span class='ocrx_word' id='word_1_150' title='bbox 565 3641 763 3753; x_wconf 79' lang='lat' dir='ltr'>posuiffem</span> <span class='ocrx_word' id='word_1_151' title='bbox 774 3643 956 3750; x_wconf 83' lang='lat' dir='ltr'>Pergama</span> <span class='ocrx_word' id='word_1_152' title='bbox 966 3642 1083 3726; x_wconf 74' lang='lat' dir='ltr'>vietis.</span> 
     </span>
     <span class='ocr_line' id='line_1_25' title="bbox 199 3777 1263 3895; baseline -0.003 -31"><span class='ocrx_word' id='word_1_153' title='bbox 199 3778 273 3865; x_wconf 82' lang='lat' dir='ltr'>Sed</span> <span class='ocrx_word' id='word_1_154' title='bbox 291 3810 392 3864; x_wconf 93' lang='lat' dir='ltr'>nunc</span> <span class='ocrx_word' id='word_1_155' title='bbox 409 3782 557 3863; x_wconf 86' lang='lat' dir='ltr'>Italiam</span> <span class='ocrx_word' id='word_1_156' title='bbox 574 3809 754 3891; x_wconf 85' lang='lat' dir='ltr'>magnam</span> <span class='ocrx_word' id='word_1_157' title='bbox 767 3783 963 3890; x_wconf 84' lang='lat' dir='ltr'>Grynaeua</span> <span class='ocrx_word' id='word_1_158' title='bbox 976 3777 1131 3890; x_wconf 87' lang='lat' dir='ltr'>Apollo,</span> <span class='ocrx_word' id='word_1_159' title='bbox 1176 3808 1263 3895; x_wconf 81' lang='lat'>345</span> 
     </span>
     <span class='ocr_line' id='line_1_26' title="bbox 199 3920 978 4034; baseline -0.001 -32"><span class='ocrx_word' id='word_1_160' title='bbox 199 3920 347 4003; x_wconf 85' lang='lat' dir='ltr'>Italiam</span> <span class='ocrx_word' id='word_1_161' title='bbox 362 3923 500 4031; x_wconf 85' lang='lat' dir='ltr'>Lyciae</span> <span class='ocrx_word' id='word_1_162' title='bbox 515 3921 648 4030; x_wconf 83' lang='lat' dir='ltr'>juffere</span> <span class='ocrx_word' id='word_1_163' title='bbox 665 3920 844 4034; x_wconf 85' lang='lat' dir='ltr'>capess&#39;ere</span> <span class='ocrx_word' id='word_1_164' title='bbox 855 3921 978 4007; x_wconf 86' lang='lat' dir='ltr'>sortes.</span> 
     </span>
     <span class='ocr_line' id='line_1_27' title="bbox 194 4055 1258 4173; baseline -0.001 -30"><span class='ocrx_word' id='word_1_165' title='bbox 194 4055 278 4144; x_wconf 86' lang='lat' dir='ltr'>Hic</span> <span class='ocrx_word' id='word_1_166' title='bbox 295 4090 413 4162; x_wconf 86' lang='lat' dir='ltr'>amor,</span> <span class='ocrx_word' id='word_1_167' title='bbox 437 4060 530 4144; x_wconf 89' lang='lat' dir='ltr'>haec</span> <span class='ocrx_word' id='word_1_168' title='bbox 549 4064 664 4173; x_wconf 89' lang='lat' dir='ltr'>patria</span> <span class='ocrx_word' id='word_1_169' title='bbox 680 4062 745 4147; x_wconf 87' lang='lat' dir='ltr'>est.</span> <span class='ocrx_word' id='word_1_170' title='bbox 778 4062 856 4144; x_wconf 88' lang='lat' dir='ltr'>fite</span> <span class='ocrx_word' id='word_1_171' title='bbox 878 4060 1111 4173; x_wconf 82' lang='lat' dir='ltr'>Carthaginis</span> <span class='ocrx_word' id='word_1_172' title='bbox 1124 4086 1258 4142; x_wconf 80' lang='lat' dir='ltr'>arcer</span> 
     </span>
    </p>
   </div>
   <div class='ocr_carea' id='block_1_3' title="bbox 197 4198 1266 4449">
    <p class='ocr_par' dir='ltr' id='par_1_3' title="bbox 197 4198 1266 4449">
     <span class='ocr_line' id='line_1_28' title="bbox 197 4198 1187 4330; baseline 0.001 -49"><span class='ocrx_word' id='word_1_173' title='bbox 197 4198 447 4324; x_wconf 70' lang='lat' dir='ltr'>Phoeniffan,</span> <span class='ocrx_word' id='word_1_174' title='bbox 469 4201 707 4316; x_wconf 84' lang='lat' dir='ltr'>Libycaeque</span> <span class='ocrx_word' id='word_1_175' title='bbox 723 4203 887 4330; x_wconf 66' lang='lat' dir='ltr'>aspedus</span> <span class='ocrx_word' id='word_1_176' title='bbox 904 4202 1044 4286; x_wconf 89' lang='lat' dir='ltr'>detinet</span> <span class='ocrx_word' id='word_1_177' title='bbox 1061 4199 1187 4296; x_wconf 83' lang='lat' dir='ltr'>urbia,</span> 
     </span>
     <span class='ocr_line' id='line_1_29' title="bbox 692 4335 1266 4449; baseline -0.009 0"><span class='ocrx_word' id='word_1_178' title='bbox 692 4343 773 4449; x_wconf 67' lang='lat' dir='ltr'>Q</span> <span class='ocrx_word' id='word_1_179' title='bbox 1157 4335 1266 4444; x_wconf 76' lang='lat' dir='ltr'>Qae</span> 
     </span>
    </p>
   </div>
   <div class='ocr_carea' id='block_1_4' title="bbox 0 0 1478 5078">
    <p class='ocr_par' dir='ltr' id='par_1_4' title="bbox 0 0 1478 5078">
     <span class='ocr_line' id='line_1_30' title="bbox 0 0 1478 5078; baseline 0 0"><span class='ocrx_word' id='word_1_180' title='bbox 0 0 1478 5078; x_wconf 95' lang='lat' dir='ltr'> </span> 
     </span>
    </p>
   </div>
  </div>
 </body>
</html>
