2948 5078
203 318 301 427 168
400 298 1073 425 PsVrnorurer-nours
1146 424 1153 435 ,

198 516 391 615 Monstrat
404 518 488 621 iter,
508 546 665 631 quaque
675 517 837 601 ostendit
848 518 885 601 se
902 520 1045 623 dextra,
1057 522 1269 633 seqmmur.

196 658 400 747 Mutunus
422 658 587 771 clypeos,
605 662 858 769 Daruumque
870 660 1024 768 iniignia
1039 662 1149 743 nobie
1182 664 1269 773 389

130 894 136 913 Ι
199 799 404 911 Aptemuo.
433 798 555 895 dolus,
573 828 622 881 an
639 797 768 895 virtus,
780 796 864 906 quis
880 795 921 877 in
938 795 1045 879 hoste
1060 800 1224 908 requirat
1238 804 1258 881 ?·

196 938 328 1023 'Arm
343 936 488 1021 dabunt
503 936 582 1049 ipo.
612 938 663 1019 ric
679 936 788 1033 fatus,
807 934 940 1017 deinde
956 954 1174 1019 comantem
1259 932 1262 937 ’

198 1074 398 1189 'Androgei
415 1074 573 1189 galeam,
594 1074 791 1185 clypeique
814 1074 955 1183 infigne
973 1074 1153 1158 decorum

202 1216 401 1303 Induiuu:
426 1214 606 1327 luterique
619 1198 812 1325 'Argivum
827 1218 1089 1299 accommodat
1100 1218 1237 1299 ensem.

201 1356 298 1441 Hoc
313 1346 497 1469 Ripheus,
510 1342 677 1467 hocipse?
688 1356 850 1465 Dymas,
867 1355 1065 1466 omnisque
1082 1359 1256 1466 juventus

200 1492 322 1579 lucu
333 1492 446 1577 facit:
464 1486 638 1605 spoli'use
655 1482 813 1605 quisque
830 1494 1039 1577 tenentibus
1049 1514 1239 1606 armat.39
1246 1520 1269 1607 ς

111 1750 117 1759 ¹
197 1626 863 1757 VndimmimmixtiDtnait,'-haud
884 1637 1041 1717 numine
1062 1635 1201 1734 nostro,
1260 1694 1263 1699 -

198 1774 409 1889 Muimqoe
417 1792 494 1889 'per
505 1768 657 1859 caenam
671 1762 850 1885 oonffeffi
863 1776 1001 1887 praelia
1016 1780 1169 1859 nodiem

40 1916 44 1921 ’
202 1910 465 2015 conserimus}
494 1908 637 1997 multos
655 1916 835 1997 Danaum
852 1914 1084 1996 demittimus
1099 1918 1213 2002 Orco.

201 2052 425 2167 Diffugiunt
440 2052 504 2137 aiii
517 2054 567 2137 ad
583 2081 706 2155 naves,
726 2072 766 2135 et
787 2053 897 2135 litora
913 2058 1021 2135 mrsu

97 2226 100 2237 ·
172 2198 175 2209 '
199 2192 298 2287 Fida
294 2210 466 2309 petunt.
493 2222 577 2305 perr
589 2146 782 2305 ingenterir
797 2192 1001 2277 formidine
1019 2192 1117 2303 turpi
1180 2220 1268 2297 400

199 2330 392 2423 dcundunt
406 2332 529 2417 rusus
543 2360 700 2445 equum,
717 2352 756 2415 et
768 2350 856 2415 nota
869 2333 1106 2415 conduntur
1096 2359 1135 2412 m
1152 2331 1250 2413 alvo

198 2456 312 2587 Heu·
322 2470 446 2554 nihil
434 2474 558 2555 invitis
574 2472 632 2557 'fao
649 2502 868 2585 quenquam
883 2470 998 2554 fidere
1010 2473 1128 2555 divis!

199 2616 305 2701 Ecce
319 2612 532 2697 trahebatur
544 2616 651 2723 pnffis
663 2615 851 2697 Priameia
867 2616 973 2723 virgo

202 2757 416 2839 Crinibusa
434 2755 577 2867 templo
590 2754 785 2837 Caffindra
799 2756 976 2866 aditisque
988 2758 1194 2853 Minervae,

202 2899 271 2983 Ad
287 2898 438 2979 coelum
454 2898 608 2979 tendens
627 2897 791 2978 ardentia
811 2898 953 2979 luminu
969 2899 1100 2981 frustra
1109 2941 1121 2997 3
1184 2928 1240 3004 40
1247 2926 1270 3007 5

202 3040 394 3123 Lumina:
413 3066 504 3119 nam
520 3056 662 3121 teneras
679 3040 853 3121 arcebant
870 3039 1017 3121 vincula
1029 3040 1183 3150 palmas.

202 3176 299 3259 Non
311 3178 395 3258 tulit
411 3176 510 3259 hanc
528 3179 688 3288 speciem
709 3177 841 3258 furiata
858 3198 984 3260 mente
996 3178 1228 3277 Choroebus,

203 3318 257 3399 Et
270 3317 340 3398 sese
354 3318 526 3396 medium
539 3318 663 3424 injecit
682 3318 883 3397 moriturus
902 3319 939 3398 in
959 3346 1107 3427 agmen.

202 3454 477 3563 Consequimur
492 3457 630 3554 cundi,
650 3472 687 3535 et
699 3455 817 3534 densu
832 3456 1054 3537 incurrimus
1071 3456 1194 3537 armis,

205 3596 284 3679 Hic
302 3596 471 3708 primum
491 3622 539 3677 ex
558 3594 634 3678 alto
650 3596 798 3677 delubri
814 3596 982 3680 culmine
999 3596 1082 3677 telis
1186 3624 1276 3701 410

203 3733 434 3819 Nostrorum
446 3735 653 3837 obruimur,
670 3736 863 3848 oriturque
881 3736 1084 3819 miserrima
1095 3735 1237 3837 caedes,

201 3866 417 3957 ritmorum
434 3874 544 3975 facie,
563 3894 602 3957 et
616 3878 817 3983 Grajarum
835 3904 957 3961 errore
963 3874 1155 3987 jubarum.

204 4009 314 4095 Tum
334 4011 474 4112 Danai,
490 4014 634 4120 gemitu
651 4030 764 4122 atque
784 4035 931 4128 ereptae
948 4018 1100 4129 virginis
1117 4017 1184 4119 ira,

201 4148 382 4269 Undique
401 4146 550 4239 collecti
561 4149 767 4254 invadunt3
800 4159 1001 4250 acerrimus
1014 4159 1129 4272 Ajax,
1157 4180 1277 4265 ..414

1235 4292 1289 4381 Et
