2948 5078
398 371 720 460 Aruernos.
767 359 957 460 1111.
1058 331 1195 488 '129

124 555 280 667 Aeolus,
310 587 347 650 et
365 567 488 650 clauso
505 584 704 649 ventorum
724 594 868 648 carcere
885 585 1025 676 regnet.
1107 591 1190 678 145

124 713 185 792 Sic
204 713 266 808 ait,
296 731 333 791 et
351 712 451 790 disto
469 710 576 789 citius
597 709 742 790 tumida
759 732 919 818 aequora
936 708 1069 819 placat,

122 848 379 959 collectasque
398 847 504 958 fugat
521 849 653 946 nubes,
686 845 879 957 solemque
897 848 1053 933 reducit.

122 987 339 1096 Cymothoe
351 987 460 1089 simul
473 1004 510 1068 et
527 987 664 1067 Triton
682 986 852 1083 adnixus,
880 1005 991 1069 acuto

121 1126 337 1207 Detrudunt
354 1152 464 1205 naves
480 1123 656 1233 scopulo:
687 1122 784 1204 levat
803 1122 878 1234 ipse
894 1119 1070 1224 tridenti;
1136 1154 1142 1160 ·

121 1265 173 1344 Et
187 1266 304 1346 vastas
321 1266 437 1375 aperit
453 1264 577 1373 syrtes,
603 1280 642 1344 et
659 1280 841 1374 temperat
857 1290 1008 1375 aequor,
1056 1330 1061 1339 .
1103 1295 1120 1352 1
1131 1271 1190 1380 50]
1216 1376 1219 1381 Ι

120 1407 250 1515 Atque
268 1406 355 1486 rotis
380 1405 543 1487 summas
561 1400 702 1484 levibus
722 1403 921 1512 perlabitur
939 1406 1087 1492 undas..
1145 1469 1152 1479 .

119 1548 183 1624 Ac
201 1543 314 1625 veluti
332 1540 472 1653 magno
488 1543 528 1624 in
545 1541 687 1654 populo
704 1571 796 1624 cum
811 1544 915 1654 saepe
929 1566 1055 1628 coorta
1067 1547 1126 1628 'est
1151 1584 1154 1589 ¹
1187 1612 1194 1621 .

120 1687 272 1784 Seditio,
303 1687 488 1796 saevitque
505 1685 637 1766 animis
658 1685 820 1794 ignobile
838 1688 971 1797 vulgus
988 1729 1002 1787 3
1272 1772 1275 1783 Δ

118 1821 282 1935 Jamque
293 1826 392 1907 faces
404 1843 442 1907 et
458 1825 543 1906 saxa
556 1821 707 1925 volant;
721 1822 723 1826 ’
738 1822 843 1906 furor
856 1854 959 1908 arma
976 1825 1186 1943 ministrati
1328 1805 1330 1809 ⁷

119 1969 239 2065 Turn,
271 1968 404 2079 pietate
436 1995 589 2078 gravem
622 1990 679 2044 ac·
696 1967 838 2049 meritis
871 1969 900 2049 fi
930 1969 1026 2052 forte
1062 1973 1186 2065 vimm

178 2136 295 2217 quem
713 2136 716 2141 ’
1102 2140 1152 2224 ¹5
1159 2139 1185 2226 5

117 2244 361 2354 Conspexere,
393 2244 510 2345 silent,
541 2238 758 2356 arr'efflsque
776 2244 923 2364 auribus
940 2248 1076 2336 astant:

117 2385 188 2466 Ille
207 2387 301 2495 regit
319 2386 426 2466 diuis
443 2387 600 2488 animos,
631 2407 668 2470 et
684 2393 833 2500 pestora
846 2382 1005 2476 mulcet.

117 2526 177 2605 Sic
198 2529 352 2607 ennecus
368 2526 490 2636 pelagi
507 2528 641 2609 cecidit
656 2516 794 2633 fragor,
813 2555 972 2637 aequora
984 2531 1184 2640 postquam
1292 2512 1298 2520 ⁶

115 2663 344 2772 Prospiciens
360 2667 516 2770 genitor,
549 2664 729 2773 coeloque
746 2664 912 2745 invenus
931 2685 1070 2773 aperto,

114 2801 249 2882 Fleuit
266 2830 393 2908 equos,
412 2830 597 2913 curruque
609 2804 736 2884 volans
748 2802 811 2883 dat
822 2801 898 2885 lora
915 2804 1088 2891 secundo.
1102 2810 1182 2893 160

176 2938 318 3019 Defeffi
335 2940 546 3039 Aeneadae,
575 2970 672 3051 quae
688 2943 874 3052 proxima,
906 2943 1011 3026 litora
1028 2946 1138 3028 cursu

115 3079 358 3161 Contendunt
374 3097 509 3188 petere,
540 3101 578 3163 et
594 3084 737 3191 Libyae
750 3102 947 3166 vertuntur·
962 3086 1009 3201 ad
1026 3114 1118 3169 oras.

114 3219 181 3301 Est
200 3220 238 3299 in
257 3217 390 3299 secessu
407 3219 521 3327 longo
538 3220 661 3302 locus:
693 3220 810 3301 insula
829 3239 984 3330 portum
1129 3252 1132 3257 ·

113 3360 243 3440 Efficit
257 3360 405 3467 objectu
423 3359 594 3464 laterum,
626 3362 761 3470 quibus
778 3361 901 3442 omnis
919 3361 967 3443 ab
986 3360 1064 3443 alto

112 3501 346 3609 Frangitur,
336 3531 449 3612 rnque
457 3503 555 3585 finus
563 3503 695 3583 scrnd1t
706 3504 778 3586 sese
786 3505 885 3585 unda
893 3505 1074 3588 reductos
1097 3506 1146 3588 16
1153 3531 1179 3614 5

112 3644 217 3724 Hinc
238 3661 350 3752 atque
365 3642 455 3725 hinc
468 3644 588 3725 vastae
607 3668 727 3754 rupes,
755 3640 975 3754 geminique
993 3647 1185 3726 minantur

112 3784 159 3863 In
177 3780 327 3862 coelum
345 3782 510 3893 scopuli.
541 3810 706 3893 quorum
725 3784 792 3864 sub
811 3784 946 3865 vertice
964 3783 1037 3866 late
1117 3852 1122 3861 ,

111 3924 290 4031 Aequora
308 3940 387 4002 tuta
407 3922 537 4004 silent.
553 3940 639 4004 tum
657 3924 765 4034 sylvis
782 3924 889 4005 scena
908 3925 1067 4014 coruscis

62 4050 65 4061 ¹
110 4060 293 4170 Desuper,
310 4061 549 4174 horrentique
564 4081 688 4144 atrum
703 4092 835 4146 nemus
848 4066 1022 4147 imminet
1034 4067 1180 4148 umbra.

108 4200 247 4285 Fronte
260 4200 328 4285 sub
338 4203 484 4287 adversa
497 4201 655 4316 scopulis
662 4205 907 4313 pendentibus
915 4223 1085 4290 antrum:
1100 4229 1179 4314 170
1238 4312 1239 4317 Ν

658 4340 700 4420 K
1077 4340 1182 4419 Intus
