2948 5078
380 350 433 445 P.
474 352 740 447 Vruotutt
786 350 1063 448 Mruouts

193 572 297 665 pater
306 552 384 639 fuit
400 552 540 660 Majus,
570 578 649 632 non
667 551 831 659 Magus:
862 551 1024 661 indeque
1041 568 1172 639 ortum
1186 556 1261 641 ex-¹

195 696 334 791 istimo,
365 710 409 774 ut
424 692 603 801 Virgilius
621 692 776 801 magicis
797 692 937 774 artibus
959 693 1128 777 imbutus
1152 696 1267 781 fuiffe

196 834 358 919 creditus
368 835 413 914 fit
425 833 474 912 ab
492 832 679 914 Elinando
704 829 893 913 monacho
913 831 1068 943 aliisque
1085 836 1269 947 sequioris

196 973 333 1056 saeculi
355 972 613 1082 scriptoribus:
661 970 768 1080 quod
786 988 824 1050 et
840 968 984 1080 Ecloga
999 972 1155 1083 septima
1178 963 1268 1059 ωιὲ

197 1114 283 1222 gica
302 1112 489 1223 quaedam
517 1112 615 1192 sacra
647 1109 895 1219 descripfiffee
944 1128 982 1190 et
1011 1114 1149 1221 peritus
1175 1116 1294 1203 effet.

199 1250 406 1331 multarum
420 1250 570 1349 artium,
600 1267 639 1330 et
652 1248 847 1358 praecipue
859 1276 974 1329 avum
987 1248 1152 1335 habuiffe
1168 1254 1266 1336 Ma·

194 1414 284 1497 gran
299 1390 494 1469 diceretur.

259 1525 453 1634 Wrgilius,
483 1552 531 1605 an
549 1519 736 1629 Vergilias
755 1522 997 1633 appellandus
1015 1526 1073 1624 lit,
1122 1554 1266 1639 magna

198 1666 273 1749 fuit
284 1668 468 1777 superiore
478 1665 622 1747 saeculo
636 1666 894 1750 controvetsla.
953 1670 1081 1751 Sttlrrt
1093 1672 1267 1781 Angelus

200 1805 404 1885 Politianus
421 1830 490 1912 pro
504 1800 695 1909 Vergilio:
726 1830 795 1910 pro
812 1804 967 1913 Virgilio
987 1807 1139 1893 Pierius.
1169 1810 1268 1891 Cer-

200 1958 252 2039 te,
292 1968 416 2050 noque
443 1938 647 2021 multitudo
662 1956 831 2021 veterum
860 1943 1030 2053 lapidum
1060 1975 1107 2029 ac
1125 1974 1268 2031 monu-

197 2097 430 2175 mentorum,
459 2106 557 2187 quae
572 2076 783 2187 Vergilium
801 2082 1024 2189 praeferunt,
1052 2085 1266 2194 quicquam

198 2221 337 2303 evincit
348 2261 363 2319 t
401 2248 494 2301 cum
513 2219 587 2300 alia
611 2222 727 2301 etiam
742 2222 941 2330 complura
958 2224 1161 2334 Virgilium
1193 2224 1266 2309 ln-

199 2362 338 2443 beant:
386 2387 458 2441 nec
484 2360 631 2442 Graeca
658 2360 793 2441 Suidae
819 2361 980 2472 scriptio,
1027 2356 1264 2471 Ου’φγίλιθις

198 2498 514 2610 cumStephauus
529 2499 662 2581 scribat
690 2499 729 2579 in
751 2500 914 2583 dictione
934 2504 1111 2602 Mantua,
1145 2498 1267 2610 Bepyr'·

196 2646 308 2722 ne:
356 2667 428 2720 nec
456 2657 612 2749 etymon
642 2640 805 2720 nominis
833 2644 968 2723 aVere
993 2661 1058 2723 aut
1088 2642 1266 2751 Vergilir's

198 2776 338 2875 stellis3
380 2804 474 2857 cum
500 2777 565 2858 alii
592 2778 778 2858 deducant
794 2805 818 2857 a
833 2776 950 2886 virga
969 2778 1106 2883 laurea,
1144 2808 1266 2891 qm

28 2988 32 2994 .
200 2945 406 3029 praegmus
423 2916 745 2997 nraterinsomnis
762 2916 878 3015 vidit,
909 2917 1132 3027 aliiavr'rga
1141 2948 1267 3031 popu.

201 3060 273 3160 lea,
304 3084 402 3168 quae
419 3058 503 3168 post
522 3058 601 3165 ejus
620 3073 746 3137 ortum
757 3082 863 3135 more
876 3055 995 3163 gentis
1013 3055 1124 3139 humi
1141 3058 1266 3141 defixa

194 3202 281 3296 est3
310 3197 413 3277 aliia
431 3191 620 3301 virginali
629 3192 861 3291 verecundia,
878 3212 1027 3301 propter
1046 3224 1165 3301 quam
1179 3199 1265 3279 Ne-

198 3341 300 3451 apoli
318 3333 545 3417 Parthenias
561 3333 766 3442 appellatus
794 3332 860 3428 est,
903 3361 926 3413 a
953 3326 1124 3446 παρθένθυ
1141 3336 1264 3445 virgo.

201 3483 288 3584 Ego
317 3499 410 3553 eum
439 3469 560 3549 Pierio
593 3469 779 3568 existimo,
822 3469 972 3553 facilem
1000 3474 1201 3583 aliquando
1226 3492 1265 3558 et

201 3612 453 3729 prontiscuam
469 3607 574 3689 fuiffe
600 3610 936 3690 commutationem
953 3609 1265 3697 elementomme

197 3779 236 3844 et
255 3758 283 3837 i.
345 3753 419 3845 Sic,
451 3748 541 3829 teste
559 3748 805 3847 Quintiliano,
846 3749 1035 3830 dicebatur
1066 3752 1168 3860 apud
1196 3782 1264 3836 ve.

195 3918 290 3981 teres
308 3887 457 3991 Deduc,
490 3918 559 3999 pro
575 3888 731 3984 Dionen
761 3890 946 3995 Menerva
963 3917 1032 3999 pro
1051 3890 1256 3987 Minerva3

195 4037 293 4120 leber
314 4052 351 4114 et
367 4030 548 4138 magester,
577 4058 646 4140 pro
666 4026 760 4109 liber
779 4049 817 4111 et
833 4028 1014 4137 magister.
1077 4032 1138 4115 Sic
1151 4044 1262 4143 'repe-

195 4180 286 4260 ritur
305 4172 431 4258 adhuc
449 4171 489 4253 in
508 4168 729 4282 quibusdam
743 4169 932 4291 codicibus
954 4168 1163 4277 Verginius,
1192 4156 1269 4280 pro
1286 4212 1299 4221 -·

1163 4308 1268 4396 Vir--
