2948 5078
418 357 753 449 Aruernos.
792 350 915 448 [η.
951 350 1033 451 IV.
1174 382 1270 492 223

196 559 402 645 Ascanium
423 559 647 669 surgentem,
667 574 705 637 et
724 556 804 666 spes
818 552 987 640 haeredir
1006 559 1081 643 luti

197 701 379 812 Respice;
393 701 455 781 cui
474 727 635 810 regnum
648 698 788 795 Italiae,
803 697 1170 811 Romamqueoeltut
1181 728 1269 826 ¹75

199 842 409 955 Debentur.
439 839 504 920 tali
521 838 717 945 Cyllenius
734 862 798 918 ore
814 835 975 939 locutus,

112 1076 117 1089 ,
198 983 383 1064 Mortales
403 981 500 1062 visus
519 981 648 1061 medio
673 978 842 1063 sermone
858 976 1021 1091 reliquit,

199 1121 252 1201 Et
264 1120 395 1232 procul
411 1121 451 1200 in
471 1138 692 1200 tenuem-ex
708 1117 829 1201 oculis
841 1121 992 1203 evanuit
1008 1142 1152 1211 autam.

199 1263 255 1339 At
273 1289 362 1343 vero
378 1264 524 1342 Aeneas
537 1259 685 1369 aspectu
701 1260 892 1342 obmutuit
907 1284 1050 1362 ament,

194 1404 452 1511 Audireque
478 1399 632 1482 horrore
650 1426 797 1498 tornae,
810 1419 849 1481 et
866 1428 941 1483 vox
955 1399 1126 1487 saucibus
1142 1396 1290 1495 haesit..

198 1541 320 1620 Ardet
340 1542 442 1622 abire
458 1541 561 1651 fuga,
581 1539 783 1652 dulcesque
801 1542 1010 1653 relinquere
1027 1562 1151 1648 terret,
1181 1546 1264 1634 281

197 1684 394 1764 Attonitus
407 1701 512 1765 tanto
528 1683 677 1766 monitu
691 1685 925 1796 imperioque
937 1686 1110 1771 deorum.

200 1821 292 1905 Heu
307 1825 316 1905 Ι
338 1823 431 1933 quid
457 1829 571 1932 agat?
592 1850 672 1935 quo
696 1848 799 1906 nune
832 1825 1003 1936 reginem
1036 1828 1180 1912 ambire
1208 1824 1273 1913 m·

383 1979 530 2045 rentem
1190 1986 1195 1995 '

200 2100 353 2182 Audeat
369 2099 513 2186 affatur
537 2125 635 2212 qute
654 2098 777 2215 prima
795 2103 948 2185 exordia
960 2102 1114 2190 sumet?
1271 2159 1281 2167 --
1392 2122 1400 2149 '

197 2240 327 2351 Atque
351 2240 526 2322 animum
557 2268 659 2323 nuuc
689 2240 769 2323 hue
800 2243 974 2342 celerem,
1016 2266 1122 2328 nune
1140 2234 1274 2333 dividit
1450 2308 1454 2316 .

382 2376 488 2483 illuc,
1185 2388 1240 2473 28

200 2516 246 2596 In
264 2516 457 2626 partesque
474 2518 570 2626 rapit
585 2519 716 2609 variar,
734 2538 875 2622 perque
894 2516 1023 2597 omniu
1035 2518 1163 2602 versat.
1245 2410 1278 2502 ς

196 2654 305 2733 Haec
326 2654 519 2733 aitermnti
536 2653 658 2761 potior
675 2651 853 2730 'sententia
876 2652 951 2732 vise
976 2655 1055 2736 est:

197 2786 411 2893 Mnesthea,
450 2788 740 2898 Sergestumque
774 2806 895 2888 vocat,
928 2788 1143 2905 fortemque
1179 2796 1287 2885 Ciu--

383 2928 569 3014 anthumr

197 3068 362 3153 Classem
375 3088 501 3180 aptent
515 3067 630 3169 taciti,
644 3051 937 3153 sociotudlitdra
948 3093 1109 3184 cogant3

197 3212 319 3293 Arma
338 3227 481 3321 parent,
495 3227 546 3309 et,
560 3232 656 3319 quae
671 3209 716 3290 fit
725 3209 836 3291 rebus
848 3210 956 3292 causa
968 3217 1161 3316 novandis,
1182 3241 1268 3333 290

199 3350 454 3435 Diffimulent.
479 3346 551 3433 sese
564 3352 715 3449 interea,
742 3351 895 3460 quando
908 3353 1054 3465 optima
1064 3357 1172 3442 Dido

199 3493 365 3594 Nesciat,
384 3511 423 3575 et
439 3510 559 3575 tantos
576 3492 706 3603 rumpi
727 3519 804 3576 non
824 3494 944 3604 speret
960 3522 1120 3597 amores,

198 3636 452 3717 Tentatunrm
474 3635 606 3738 aditus,
622 3651 661 3715 et
673 3660 770 3743 quae
781 3635 996 3718 mollissime
1018 3636 1123 3720 fundi

197 3776 406 3887 Tempora,
428 3780 511 3886 quis
529 3777 640 3858 rebus
654 3777 784 3859 dexter
802 3778 950 3861 modus.
979 3779 1084 3862 ocius
1106 3808 1239 3866 omnes

201 3916 367 4026 Imperio
394 3916 479 3998 laeti
505 3936 653 4029 parent,
667 3944 711 3999 uc
729 3917 826 4027 jussa
841 3919 1031 4003 facessunt.
1181 3948 1267 4038 295

261 4057 317 4136 At
339 4058 466 4166 regina
482 4058 604 4159 dolos,
631 4060 715 4170 quis
726 4060 853 4143 fulsere
867 4061 977 4172 possit
989 4067 1208 4145 amantem?

199 4190 410 4296 Praesensrt,
431 4197 629 4306 motusque
641 4201 788 4315 excepit
800 4204 922 4313 prima
934 4203 1093 4309 futrum,

1128 4339 1271 4455 om
1403 4345 1415 4363 .
