2948 5078
258 368 359 493 ‚84
484 368 538 466 Ρ.
568 365 840 466 Vrnornrr
876 368 1159 466 Mrronr's

287 577 596 679 Romanum-est,
611 577 759 661 oestron
778 578 885 660 Graii
900 571 1042 658 vertere
1052 572 1248 658 vocantes:
1357 574 1361 579 ’

290 711 425 825 Asper,
446 716 579 796 acerba
592 715 745 797 sonans:
776 743 856 824 quo
873 732 952 794 tota
971 710 1143 795 exterrita
1165 709 1276 821 sylvis

291 849 515 961 Diffugiunt
533 830 730 950 armentaa
761 850 855 933 furit
872 851 1078 959 mugitibus
1093 848 1220 951 aether
1287 878 1302 932 r
1315 857 1371 962 5o

290 991 514 1095 toroldus,
535 991 743 1102 sylvaeque,
763 1008 803 1090 et
818 991 904 1072 sacci
922 992 1002 1102 ripa
1017 991 1199 1100 Tanagri.

295 1132 389 1215 Hoc
409 1132 605 1241 quondam
622 1129 792 1212 monstro
816 1127 1010 1211 horribiles
1029 1129 1196 1213 exercuit
1212 1129 1282 1212 iras
1354 1130 1356 1136 ’

167 1326 169 1332 >
295 1268 589 1374 InachiaeJuno
603 1268 747 1379 pestem
764 1269 941 1350 meditata
949 1269 1141 1378 juvencae.

298 1413 419 1495 Hunc
439 1438 605 1520 quoque,
626 1439 717 1492 nam
737 1412 872 1493 mediis
892 1411 1099 1494 fervoribus
1116 1411 1234 1494 acrior
1251 1409 1373 1505 irritat.

299 1540 458 1634 Arcebis
467 1550 620 1660 gravido
633 1552 772 1662 pecori,
792 1549 1033 1662 armentaque
1049 1552 1173 1664 pasces
1289 1576 1339 1662 15
1347 1576 1371 1662 ς

291 1690 390 1772 Sole
407 1716 534 1770 recens
554 1709 660 1790 orto,‚
678 1711 741 1773 aut
760 1697 912 1773 noctem
928 1684 1151 1775 ducentibus
1166 1691 1280 1774 astris.

269 1868 276 1891 ··
298 1828 394 1919 Post
406 1846 556 1939 parturn
574 1858 663 1910 cura
681 1831 720 1909 in
734 1831 868 1911 vitulos
888 1831 1091 1911 traducitur
1111 1830 1254 1913 omnis:

207 1946 209 1951 Ι
238 1963 240 1969 ’
275 1962 277 1965 ’
304 1968 573 2080 Continuoque
593 1987 698 2051 notas
711 1970 916 2051 ettiomina
933 1969 1052 2078 gentis
1071 1969 1248 2052 inurunt:
1308 1969 1312 1973 ’

303 2109 359 2195 Et
369 2137 464 2221 quos
480 2127 545 2193 aut
557 2109 683 2221 pecori
696 2110 830 2191 malint
843 2109 1058 2191 submittere
1073 2107 1261 2221 habendo,

307 2252 392 2333 Aut
407 2251 478 2333 aris
494 2250 634 2334 servare
651 2249 780 2348 sacros,
795 2270 861 2332 aut
877 2251 1040 2332 scindere
1055 2269 1205 2350 terram,
1296 2251 1380 2335 160

305 2389 365 2472 Et
375 2417 559 2501 campum
572 2386 787 2473 horrentem
808 2389 932 2470 fractis
950 2390 1129 2474 invertere
1145 2388 1274 2497 glebis.

305 2529 464 2637 ¹Caetera
478 2528 675 2638 pascuntur
692 2528 825 2610 virides
841 2548 1007 2610 armenta
1019 2557 1085 2638 per
1102 2527 1246 2609 herbas.
1328 2532 1332 2537 ’

309 2664 380 2746 Tu
397 2693 493 2776 quos
504 2664 729 2746 adstudium
740 2684 852 2776 atque
864 2666 972 2747 usum
991 2665 1171 2747 formabis
1189 2665 1384 2774 agrestem,

308 2805 401 2912 Jam
422 2804 557 2886 vitulos
574 2805 734 2905 hortare,
757 2809 931 2915 viamque
948 2807 1068 2886 infiste
1086 2806 1279 2903 domandi,

310 2944 423 3038 Dum
440 2944 566 3027 faciles
577 2947 702 3027 animi
705 2948 905 3056 juvenum,
919 2946 1015 3026 dum
1028 2945 1178 3026 mobilis
1193 2950 1385 3059 aetas.165

313 3086 376 3166 Ac
395 3086 564 3195 primum
583 3086 686 3168 laxos
702 3088 807 3168 tenui
822 3089 869 3169 de
888 3088 1029 3168 vimine
1043 3088 1175 3169 circlos

314 3227 464 3323 Cervici
483 3227 680 3311 subnesie:
714 3228 864 3328 dehinc,
892 3229 958 3311 ubi
980 3229 1095 3309 libera
1111 3228 1209 3308 colla

288 3408 291 3414 ·
317 3365 472 3443 Servitio
489 3365 772 3474 affuerint,ips1s
790 3369 1017 3475 etorquibus
1045 3386 1149 3476 aptos

321 3504 447 3612 Junge
462 3532 579 3613 pares,
601 3521 639 3584 et
657 3533 750 3616 coge
765 3507 932 3615 gradum
945 3505 1125 3603 conferre,
1142 3508 1333 3614 juvencos.

317 3645 449 3751 Atque
467 3644 538 3726 illis
554 3645 635 3753 jam
659 3646 763 3757 saepe
783 3666 883 3729 rotae
901 3649 1083 3728 ducantur
1100 3648 1227 3725 inanes
1311 3675 1392 3759 170

318 3783 390 3885 Per
411 3804 558 3882 terram,
577 3807 615 3866 et
633 3787 793 3868 summo
805 3789 955 3897 vestigia
977 3789 1128 3899 pulvere
1155 3788 1312 3896 signent.

301 3968 308 4027 χ
318 3921 408 4038 ᾙοῆ
426 3922 550 4001 valido
566 3924 685 4004 nitens
701 3926 767 4006 sub
788 3930 960 4035 pondere
971 3928 1119 4040 faginus
1134 3928 1214 4009 axis

320 4061 513 4171 Instrepat,
534 4083 571 4144 et
585 4065 734 4173 junstos
752 4071 992 4154 temo'trahat
1015 4078 1141 4155 aereus
1160 4070 1279 4152 orbes.

324 4204 468 4286 Interea
487 4206 580 4315 pubi
598 4207 803 4292 indomitae
823 4238 900 4294 non
918 4213 1089 4323 gramina
1107 4220 1267 4308 tanturn,

1314 4348 1404 4433 Nec
