2948 5078
256 346 326 460 64
442 338 492 430 P.
528 322 799 428 vmonu
834 330 1113 427 Manours

190 600 193 604 »
254 541 373 625 Nunc
389 535 686 616 locus'arvorum
704 532 885 642 ingeniis:
916 561 1012 642 quae
1026 534 1159 616 robora
1172 532 1324 648 cuique,⁸

255 677 353 775 Quis
370 675 486 775 color,
505 694 543 756 et
558 700 654 785 quae
671 672 715 754 fit
730 673 841 752 rebus
853 689 983 752 natura
999 672 1170 758 ferendis.

255 815 441 900 Difficiles
459 816 629 927 primum
641 832 770 911 terrae,
790 808 975 920 collesque
985 813 1154 923 maligni,

256 939 412 1078 Tenuis·
420 955 486 1036 ubi
497 955 637 1065 argilla,
660 971 698 1035 et
708 950 872 1033 dumofis
885 947 1052 1034 calculus'
1065 955 1196 1056 arvis,-
1242 957 1325 1041 180

257 1097 424 1180 Palladia
439 1097 602 1207 gaudent
620 1094 719 1205 sylva
738 1092 872 1174 vivacis
892 1093 1021 1178 olivae.

263 1214 412 1321 Indicio
427 1239 495 1338 est,
513 1216 633 1318 t‘racru
649 1238 797 1346 surgens
810 1233 962 1315 oleaster
978 1237 1115 1319 eodem

259 1376 463 1474 Plurimus,
478 1392 517 1454 et
534 1374 632 1455 strati
645 1374 767 1455 baccis
781 1372 1013 1480 sylvestribus
1033 1376 1121 1484 agri.

261 1516 318 1595 At
337 1539 432 1622 quae
449 1512 596 1621 pinguis
610 1511 763 1612 humus,
775 1511 953 1623 dulcique
972 1513 1112 1625 uligine
1132 1515 1238 1617 laeta,

262 1655 417 1762 Qique
428 1651 601 1760 frequens
615 1652 738 1734 herbis
746 1671 783 1733 et
792 1650 921 1749 fertilis
934 1653 1223 1767 uberecampus,
1245 1657 1293 1742 18
1301 1682 1325 1769 ς

262 1792 428 1892 Qualem
444 1792 547 1900 saepe
564 1819 652 1872 cava
670 1793 808 1871 montis
827 1790 993 1872 convalle
1010 1793 1170 1876 solemus

265 1931 489 2043 Despicere:
520 1928 598 2010 huc
613 1930 769 2010 summis
783 1928 975 2037 liquuntur
992 1932 1145 2038 rupibus
1163 1958 1293 2013 amnes

266 2069 510 2178 Felicemque
522 2067 672 2149 trahunt
691 2070 853 2150 limum:
885 2067 1025 2178 quique
1039 2069 1304 2170 editus-austro,

208 2263 210 2266 ι
266 2212 320 2292 Et
337 2210 478 2292 filicem
492 2212 612 2292 curvis
630 2211 784 2292 invisam
805 2208 917 2322 pascit
930 2209 1058 2295 aratis:
1365 2319 1367 2324 .

267 2349 346 2430 Hic
364 2350 432 2430 tibi
452 2336 672 2459 praevalidas
690 2348 784 2431 olim
803 2347 999 2456 multoque
1016 2348 1171 2432 fluenter
1247 2376 1330 2461 '¹9⁰

269 2485 433 2570 Sufficiet
446 2470 594 2569 Baccho
613 2489 727 2569 vites:
758 2486 821 2567 hic
840 2485 970 2586 fertilis
989 2515 1092 2586 uvae,
1253 2539 1254 2542 κ

268 2627 349 2707 Hic
362 2628 490 2725 laticis,
522 2626 674 2735 qualem
687 2628 819 2738 pateris
836 2625 995 2707 libamus
1017 2645 1055 2708 et
1069 2654 1173 2724 auro,

269 2767 418 2847 inflavit
436 2795 526 2846 cum
544 2768 690 2877 pinguis
707 2771 798 2848 ebur
814 2765 1034 2875 Tyrrhenus
1054 2767 1099 2847 ad
1117 2793 1207 2864 arae,
1298 2798 1304 2810 ·

269 2903 458 2989 Lancibus
478 2925 515 2987 et
535 2888 664 3017 pandis
684 2907 867 2988 fumantia
886 2907 1074 2987 reddimus
1091 2923 1188 2990 exta.

272 3048 337 3126 Sin
354 3065 520 3127 armenta
533 3049 652 3156 magis
667 3047 833 3127 studium
847 3046 1053 3155 vitulosque
1070 3046 1179 3141 tueri,
1255 3071 1334 3154 195

272 3191 355 3268 Aut
367 3188 487 3268 foetus
505 3190 645 3287 ovium,
661 3208 725 3267 aut
739 3206 882 3267 urentes
901 3186 1001 3267 culta
1018 3184 1201 3295 capellas:

275 3329 393 3406 Saltus
408 3347 445 3405 et
457 3328 564 3406 saturi
579 3329 692 3435 petito
712 3329 914 3434 longinqua
927 3326 1096 3420 Tarenti,

273 3466 326 3542 Et
343 3464 493 3569 qualem
507 3462 637 3542 infelix
653 3465 772 3541 amifit
790 3458 949 3542 Mantua
964 3457 1157 3568 campum,

273 3603 490 3683 Pascentem
505 3604 629 3682 niveos
646 3601 801 3683 herboso
819 3602 975 3683 flumine
993 3628 1142 3709 cycnos,

275 3743 370 3823 Non
394 3745 525 3852 liquidi
545 3745 716 3852 gregibus
739 3745 871 3842 fontes,
896 3771 972 3823 non
987 3741 1152 3850 gramina
1168 3738 1343 3819 deeruntz

280 3883 330 3960 Et
346 3901 528 3988 quantum
544 3884 663 3987 longis
682 3884 832 3988 carpent
847 3902 1011 3962 armenta
1026 3880 1168 3973 diebus,
1264 3903 1339 3962 201

279 4023 427 4129 Exigua
445 4039 590 4097 tantum
610 4020 752 4125 gelidus
771 4048 829 4097 ros
855 4026 964 4100 noste
984 4039 1148 4130 reponet,

273 4164 400 4280 ¹Nigra
418 4159 507 4260 fere,
523 4178 560 4280 et
577 4158 694 4269 prelio
708 4160 854 4269 pinguis
867 4161 931 4242 sub
951 4190 1101 4243 vomere
1119 4180 1224 4253 terra,

1176 4290 1179 4295 ’
1223 4343 1224 4346 ¹
1298 4291 1348 4369 Et
