2948 5078
196 369 296 480 218
414 360 467 457 P.
507 359 779 454 Vruarnrr
815 355 1096 455 Murmure

192 567 346 658 Fronde
357 561 495 679 premit
505 559 651 647 crinem
667 557 824 667 fingens,
838 575 951 669 atque
968 560 1295 673 implicet-aum

193 709 294 795 Teu
303 709 434 794 sonant
451 701 632 786 humeris.
664 699 767 782 haud
785 699 853 780 illo
870 700 1014 809 segnior
1033 704 1113 786 ibat
1202 795 1209 803 ,

172 853 366 938 uenam
396 864 546 929 tanturn
566 843 716 953 egregio
737 841 853 924 decue
870 844 986 926 enitet
1003 870 1081 931 ore
1192 880 1213 938 1
1224 881 1291 966 50

195 1276 299 1360 Ecce
314 1270 415 1356 serae
431 1192 517 1354 sarri·
528 1267 691 1376 dejectae
707 1265 844 1349 vertice
861 1293 994 1378 caprae

195 1410 434 1499 Decurrern
417 1411 544 1520 jugia:
575 1406 648 1489 alia
668 1408 716 1489 de
728 1424 831 1520 purte
849 1427 1016 1519 patenter

196 1551 475 1635 Transrmttunt
487 1548 595 1637 cursu
608 1575 775 1659 campos,
796 1565 909 1659 atque
933 1550 1084 1659 agmina
1107 1555 1219 1636 cervi

195 1691 460 1778 Pulverulenta
502 1691 593 1802 suga
635 1686 857 1800 glomerant,
892 1690 1117 1803 montesque
1157 1695 1292 1781 relin.
1349 1744 1358 1755 =

226 1861 228 1866 ·
383 1848 516 1940 quunt.
1190 1863 1290 1950 ¹55

199 1967 256 2052 At
271 1995 365 2079 puer
378 1967 559 2052 Ascanius
576 1964 739 2047 mediis
728 1993 768 2047 m
782 1963 940 2051 vallibus
955 1967 1031 2049 aeri

198 2108 353 2192 Gaudet
370 2137 498 2218 equor
541 2111 700 2219 jamque
733 2106 804 2189 hor
833 2106 954 2207 cursu,
987 2107 1069 2218 jam
1097 2097 1291 2218 praeterit

383 2246 479 2344 illos,

199 2386 523 2495 Spumantemque
541 2384 621 2466 dari
640 2411 775 2494 pecora
792 2384 887 2465 inter
902 2383 1031 2467 inertia
1053 2387 1149 2467 votis

197 2525 318 2635 Optat
334 2551 481 2635 aprum,
491 2542 554 2607 aut
567 2523 719 2608 fulvum
733 2523 949 2605 descendere
965 2525 1282 2616 monteleonem.

197 2660 345 2746 Interea
361 2691 500 2773 magno
518 2663 661 2745 misceri
676 2691 874 2745 murmure
889 2662 1039 2744 coelum
1189 2673 1283 2754 ιόο

198 2799 350 2911 Incipit.
382 2803 585 2909 insequitur
609 2802 808 2884 commista
826 2801 1003 2911 grandine
1021 2802 1192 2888 nimbus.

198 2937 253 3028 Et
269 2943 378 3050 Tyrii
388 2944 544 3023 comites
552 2944 697 3053 paffim,
716 2963 753 3022 et
764 2945 927 3049 Trojana
936 2944 1121 3050 juventus,

200 3081 481 3193 Dardaniusque
497 3112 613 3193 nepos
632 3084 801 3179 Veneris,
816 3084 955 3162 diversa
967 3113 1033 3193 per
1046 3110 1152 3191 agros

200 3223 320 3329 Tedta
340 3243 444 3305 metu
465 3225 612 3332 petiere.
644 3240 756 3330 ruunt
774 3224 821 3303 de
839 3224 1032 3303 montibus
1049 3250 1191 3303 anunes.

201 3364 425 3471 Speluncam
435 3365 539 3445 Dido
557 3366 636 3445 dux
654 3385 691 3444 et
706 3369 745 3444 T
746 3368 894 3471 rojanus
904 3365 1062 3445 eandem
1189 3371 1244 3451 16
1251 3400 1282 3481 ς

200 3503 429 3585 Deveniunt.
456 3505 578 3612 prima
594 3521 632 3588 et
650 3504 758 3585 tellus
776 3523 812 3582 et
830 3505 998 3613 pronuba
1019 3505 1121 3609 Juno

200 3645 306 3727 Dant
319 3646 467 3756 signum
484 3677 493 3727 ι
524 3646 655 3728 fulsere
672 3648 774 3757 ignes
789 3666 826 3727 et
838 3646 1006 3729 conscius
1017 3643 1144 3725 aether

201 3786 436 3869 Connubiis:
467 3787 695 3898 summoque
712 3788 901 3869 ulularunt
919 3787 1053 3868 vertice
1068 3783 1288 3897 nymphae.

199 3921 271 4007 llle
296 3924 374 4006 diet
392 3926 536 4034 primur
553 3929 658 4027 lethi,
675 3929 891 4037 primusque
914 3930 1116 4026 mulorum,

200 4059 425 4154 cautant:
446 4065 813 4187 nequeenimspecie
824 4066 971 4156 famave
985 4083 1171 4169 movetur,
1190 4094 1286 4185 ¹7⁰

1185 4333 1286 4422 Nee
