2948 5078
328 362 692 452 Arnnroos.
740 347 869 442 -Lrn
908 342 982 444 11.'
1094 314 1190 488 15'7

122 562 357 646 Criminibus
372 576 506 639 terrere
524 555 648 636 novis:
677 550 769 633 hinc
784 550 951 661 spargere
964 580 1073 637 voces
1185 539 1191 550 ⁴
1368 578 1371 585 ·

126 707 173 788 In
190 702 348 812 vulgum
366 697 572 805 ambiguas,
591 711 629 773 et
648 718 823 802 quaerere
836 692 1002 775 conscius
1018 723 1134 783 arma.

123 848 210 928 Nec
217 842 397 954 requievit
405 840 523 936 enirn,
532 835 652 916 donec
659 831 865 917 Calchante
876 835 1128 957 ministro—1
1138 822 1197 926 oo

127 987 200 1068 Sed
216 983 309 1094 quid
330 1007 403 1089 ego
423 977 516 1059 haec
539 993 667 1057 autem
691 973 945 1087 nequicquam
968 978 1110 1087 ingrata
1136 1007 1200 1064 re.

310 1119 423 1201 volvo
442 1124 458 1201 i

127 1257 480 1372 Qidvemororifi
498 1279 629 1336 omnes
637 1281 713 1335 uno
726 1253 854 1336 ordine
862 1253 1006 1340 habetis
1017 1257 1199 1362 Achivos,

129 1403 251 1510 quue
264 1398 392 1480 audire
406 1397 458 1477 sat
474 1394 554 1491 est;
576 1392 807 1502 jamdudum
829 1394 959 1476 sumite
977 1426 1138 1509 poenas:

130 1544 222 1625 Hoc
240 1539 391 1620 Ithacus
408 1538 511 1631 velit,
533 1551 570 1617 et
587 1560 727 1642 magno
745 1553 955 1619 mercentur
973 1541 1139 1626 Atridae.

130 1685 243 1764 Tum
259 1709 347 1763 vero
358 1678 534 1758 ardemus
545 1674 663 1755 scitari
676 1691 714 1754 et
733 1692 905 1784 quaerere
922 1677 1058 1781 causas,
1120 1709 1200 1794 105

131 1820 255 1928 ignari
274 1817 457 1898 scelerum
475 1831 666 1895 tantorum
684 1812 842 1923 artisque
856 1814 1038 1926 Pelasgae.

131 1958 369 2068 Prosequitur
383 1956 561 2066 pavitans,
578 1972 616 2033 et
629 1952 719 2034 fislo
730 1955 879 2063 pesiore
890 1952 1011 2040 fatur:

136 2101 252 2208 Saepe
268 2096 401 2206 fugam
413 2096 537 2176 Danai
547 2095 666 2202 Troja
683 2093 833 2203 cupiere
854 2094 981 2178 relicta

135 2237 283 2333 Moliri,
295 2255 333 2317 et
350 2235 465 2343 longo
483 2233 566 2314 feffi
579 2233 764 2314 discedere
777 2232 890 2318 bello.

134 2375 391 2485 Fecissentque
411 2374 576 2456 utinam!
601 2372 706 2486 saepe
720 2372 803 2455 illos
816 2375 940 2484 aspera
950 2379 1057 2487 ponti
1125 2408 1209 2466 110

136 2514 344 2596 Interclusrt
354 2513 504 2623 hyems,
522 2531 560 2594 et
576 2513 706 2594 terruit
725 2512 845 2592 auster
858 2529 998 2595 euntes.

135 2654 351 2764 Praecipue,
367 2682 461 2733 cum
475 2657 559 2758 jam
575 2650 640 2729 hic
656 2650 822 2730 trabibus
839 2670 1036 2733 contextus
1052 2652 1193 2737 acernis

139 2797 257 2874 Staret
273 2819 405 2902 equus,
422 2809 503 2871 toto
515 2789 715 2871 sonuerunt
732 2787 879 2874 aethere
896 2792 1030 2876 nimbi.
1199 2792 1201 2797 ’

140 2932 310 3042 Suspensi
325 2930 566 3040 Eurypylum
579 2930 750 3012 scitatum
762 2931 910 3012 oracula
917 2931 1063 3015 Phoebi

139 3075 355 3171 Mittimus;
373 3073 475 3182 isque
486 3072 606 3182 adytis
616 3070 710 3155 haec
721 3072 835 3154 tristia
841 3073 939 3158 dieta
949 3090 1145 3186 reportati
1160 3102 1175 3157 1
1186 3099 1212 3186 ς

142 3212 330 3324 Sanguine
347 3213 516 3323 placastis
527 3232 669 3310 ventos,
689 3231 728 3295 et
739 3214 881 3324 virgine
893 3215 1007 3314 caesa,

132 3354 431 3466 cumprimum
451 3355 581 3437 Iliacas
599 3355 722 3438 Danai
739 3355 887 3439 venistis
903 3357 1066 3442 adoras:
1197 3360 1202 3375 “

144 3497 332 3607 Sanguine
349 3498 550 3607 quaerendi
564 3498 717 3602 reditur,
736 3497 936 3609 animaque
951 3499 1138 3582 litandum

142 3635 334 3746 Argolica.
365 3639 467 3748 vulgi
486 3666 582 3749 quae
600 3666 676 3720 vox
693 3656 736 3719 ut
757 3639 859 3720 venit
876 3639 924 3719 ad
941 3667 1061 3741 aures,

145 3776 382 3886 Obstupuere
395 3778 526 3874 animi,
545 3776 762 3887 gelidusque
779 3805 846 3889 per
863 3779 942 3860 ima
955 3778 1119 3862 cucurrit
1136 3803 1219 3864 120
1273 3875 1276 3880 ,

144 3915 233 3995 Ossa
245 3934 408 4015 tremor;
433 3918 496 3997 cui
513 3917 588 3997 fata
602 3934 744 4028 parent,
764 3945 883 4028 quem
899 3919 1025 4030 poscat
1045 3916 1201 4031 Apollo.

147 4055 228 4134 Hic
249 4053 399 4136 Ithacus
410 4074 535 4137 vatem
553 4083 693 4167 magno
704 4056 911 4140 Calchanta
924 4050 1092 4141 tumultu

148 4191 335 4277 Protrahit
349 4195 389 4278 in
407 4195 578 4280 medios:
604 4223 702 4309 quae
713 4195 784 4281 fint
800 4214 847 4318 „⁸²ss
861 4200 1018 4283 numina
1031 4198 1165 4280 divum

1016 4396 1020 4403 .
1054 4335 1226 4448 Flagitat
