2948 5078
291 334 356 468 98
494 336 546 429 P.
580 336 854 430 Vinnrnrr
889 330 1165 431 Maronis

289 534 720 623 Nonumbraealtorum
731 563 943 634 nemorum,
975 564 1053 617 nou
1071 538 1203 620 mollia
1218 533 1369 650 possunt

289 678 400 762 Prata
417 704 569 761 movere
584 678 772 775 animum,
804 706 881 758 non
899 677 966 785 qui
984 704 1050 785 per
1066 678 1152 759 saxa
1170 681 1320 764 volutus
1347 692 1354 702 “

285 817 426 906 Putior
442 817 581 901 eleum
597 844 781 927 campum
799 819 900 928 petit·
912 818 1059 898 amnis:
1091 837 1131 900 at
1147 820 1226 903 ima

183 998 188 1012 ·
289 957 493 1046 Solvuntur
510 956 633 1056 latera,
666 974 778 1065 atque
797 956 926 1038 oculos
950 956 1077 1075 stupor
1097 976 1206 1069 urget
1222 962 1369 1062 inertes,

291 1099 359 1183 Ad
375 1114 587 1206 terramque
604 1095 688 1177 fluit
703 1097 847 1178 devexo
865 1097 1029 1207 pondere
1044 1101 1184 1186 cervix.

30 1323 35 1331 „
71 1346 74 1353 Ι
291 1236 525 1347 Qullabor,
546 1236 810 1318 autbenefana
816 1239 975 1345 juvant?
1000 1238 1093 1348 quid
1101 1268 1252 1322 vomere
1260 1257 1374 1321 terras

110 1425 116 1443 ·
291 1377 483 1464 Invertisie
495 1382 652 1487 graves?
681 1377 785 1488 atqui
804 1406 880 1459 non
898 1379 1056 1461 Maffica
1067 1380 1208 1463 Bacchi
1281 1384 1366 1495 526

190 1560 197 1571 ¹
286 1517 472 1617 Munera,
502 1542 582 1599 non
598 1513 670 1596 illis
682 1516 814 1627 epulae
829 1544 992 1600 nocuere
1002 1519 1191 1629 repostae:

290 1660 506 1748 Frondlbus
521 1677 562 1740 et
577 1660 680 1741 vinu
692 1661 891 1771 pascuntur
909 1664 1085 1776 simplicis
1100 1661 1249 1747 herbae.
1346 1747 1349 1753 Δ

109 1776 116 1789 ’
290 1774 538 1888 ΡοαιῙαΥωιῑ
553 1796 676 1882 fontes
694 1799 840 1909 liquidi,
872 1820 984 1911 atque
1005 1806 1166 1886 exercita
1182 1804 1293 1884 cursu

290 1909 484 2037 flumina,
512 1965 583 2022 nec
600 1936 752 2020 somnos
770 1939 962 2050 abrumpit
979 1968 1068 2022 cura
1087 1941 1259 2023 salubres.
1282 1971 1303 2054 5
1312 1972 1369 2055 30

292 2083 492 2194 Tempore
509 2108 587 2164 non
597 2073 679 2163 'alio
697 2079 828 2163 dicunt
844 2081 1057 2192 regionibus
1078 2082 1150 2164 illis

287 2223 488 2333 anfitas
504 2221 796 2304 susanaboves
810 2224 983 2330 Junonis,
1012 2244 1051 2307 et
1066 2225 1141 2308 uris
1415 2256 1428 2301 t

292 2361 507 2478 ImParibus
523 2361 656 2445 dusios
672 2361 746 2444 alta
763 2363 811 2444 ad
829 2364 982 2446 donaria
995 2357 1150 2447 currus(

290 2502 399 2613 Ergo
414 2528 522 2612 aegre
538 2499 659 2583 rastris
673 2517 812 2584 terram
828 2504 1023 2604 rimantur,
1055 2522 1093 2585 et
1112 2497 1196 2615 ipsis

271 2714 275 2724 .
293 2642 496 2754 Unguibus
508 2639 696 2724 infodiunt
706 2641 845 2753 frugeS,
860 2645 1079 2755 montesque
1093 2673 1159 2754 per
1171 2642 1262 2724 altos
1284 2671 1335 2755 53
1347 2671 1369 2754 ς

293 2786 484 2867 Contenta
501 2782 643 2865 cervice
663 2783 816 2866 trahunt
829 2784 1018 2866 stridentia
1035 2785 1207 2896 plaustra.

291 2926 340 3015 N
341 2953 392 3008 on
409 2924 519 3036 lupus
537 2925 683 3007 infidias
698 2925 867 3038 explorat
886 2927 997 3007 ovilia
1013 2928 1172 3023 circum,

295 3067 386 3152 Nec
402 3064 574 3178 gregibus
591 3048 795 3150 nounnus
810 3067 1054 3152 obambulat:
1087 3069 1204 3150 acrior
1215 3066 1328 3146 illum

296 3210 402 3291 Cura
415 3208 570 3292 domata
600 3206 725 3288 timidi
742 3207 875 3290 damae
892 3209 1067 3318 cervique
1081 3208 1233 3315 fugaces

297 3351 418 3436 Nunc
435 3350 604 3457 interque
622 3375 731 3430 canes
751 3367 789 3431 et
803 3350 948 3432 circum
960 3353 1057 3430 tenta
1069 3367 1258 3456 vagantur.
1289 3374 1374 3456 54⁰

299 3491 389 3598 Jam
403 3488 514 3568 maris
528 3488 702 3569 immenfi
715 3489 862 3599 prolem
875 3511 911 3571 et
923 3519 1040 3600 genus
1053 3518 1167 3569 omne
1182 3506 1376 3568 natantum

296 3627 480 3711 Litorein
497 3643 680 3726 extrem0,
710 3656 781 3709 ceu
799 3629 975 3737 naufraga
991 3654 1159 3737 corpora,
1192 3624 1327 3705 fluuius
1463 3738 1468 3746 .

299 3766 470 3853 Proluit:
499 3766 663 3850 insolitae
681 3768 831 3878 fugiunt
848 3769 887 3851 in
908 3766 1066 3849 flumina
1086 3765 1243 3877 phocae.

300 3903 431 3986 Interit
447 3925 484 3986 et
498 3906 620 3988 curvis
637 3906 770 3987 frustra
792 3906 941 3988 defensa
956 3907 1102 3990 latebris

300 4043 453 4156 Vipera,
486 4062 525 4128 et
542 4045 687 4127 attoniti
707 4046 869 4155 squamis
886 4049 1087 4131 astantibus
1106 4043 1230 4157 hydri.
1291 4068 1376 4152 545

300 4183 393 4300 lpsrs
414 4182 468 4270 est
489 4192 551 4272 a‘e‘r
566 4183 695 4271 nvibus
713 4215 791 4273 non
809 4192 962 4301 aequus,
993 4207 1033 4275 et
1049 4187 1136 4274 illae

1080 4400 1085 4412 ,
1157 4314 1390 4430 Praecipites
