2948 5078
167 315 172 328 '
293 318 979 419 GuonorcA.Lru.ll.⁹''
1089 322 1164 451 69

79 528 269 628 Incubuit,
290 529 548 640 glomeratque
564 528 683 609 ferens
702 524 874 606 incendia
890 537 1036 604 ventus.
1149 533 1156 605 ἶ

77 670 171 754 Hoc
182 668 268 769 ubi;
286 697 363 750 non
377 697 400 750 a
412 666 523 778 stripe
537 666 674 762 valent,
689 665 885 773 caesaeque
902 659 1035 742 reverti
1088 702 1091 705 ·

79 808 246 909 Poffunt‚
267 827 380 920 atque
397 809 474 890 ima
491 807 627 889 similes
641 803 857 887 revirescere
874 822 996 916 terra:

80 950 219 1034 Infelix
241 951 387 1062 superat
403 950 504 1032 foliis
521 948 674 1032 oleaster
688 947 837 1028 amaris.

79 1091 167 1173 Nec
175 1091 243 1172 tibi
252 1110 329 1172 tam
338 1091 499 1200 prudens
507 1090 704 1200 quisquam
715 1083 1088 1197 persuadeataudor3
1102 1107 1116 1163 r
1128 1092 1160 1190 51

79 1229 278 1312 Tellurem
296 1230 409 1310 borea
428 1230 589 1339 rigidam
609 1227 767 1339 spirante
780 1226 936 1308 moveri.

80 1370 187 1452 Rura
202 1368 291 1478 gelu
310 1386 396 1448 tum
415 1368 554 1450 claudit
568 1367 727 1477 hyems;
745 1397 815 1449 nec
830 1367 971 1449 semine
984 1363 1087 1473 jado
1152 1441 1157 1450 .

80 1494 309 1591 concretam
327 1507 463 1616 patitur
480 1508 645 1588 radicem
658 1507 807 1614 affigere
817 1525 946 1592 terrae.

82 1648 242 1758 Optima
259 1647 390 1729 vinetis
408 1647 511 1758 satio,
532 1675 624 1728 cum
641 1673 726 1726 vere
745 1645 894 1727 rubenti

81 1789 254 1871 Candida
270 1786 372 1868 venit
382 1788 458 1868 avis
477 1788 597 1897 longis
614 1786 729 1874 invisa
746 1785 928 1868 colubris:
1068 1808 1153 1894 329

82 1929 211 2010 Prima
228 1929 285 2012 vel
300 1930 471 2010 autumni
490 1929 559 2010 sub
571 1928 722 2038 frigora,
742 1956 833 2007 cum
851 1924 1000 2036 rapidus
1013 1923 1066 2004 sol

82 2068 272 2150 Nondum
302 2068 484 2177 hyemem
517 2071 700 2176 contingit
728 2068 846 2177 equis,
878 2067 961 2175 jam
987 2062 1158 2173 praeterit

269 2209 405 2294 aestate

82 2346 164 2427 Ver
182 2346 276 2429 adeo
294 2347 419 2431 frondi
432 2377 646 2452 nemorum,
657 2379 725 2434 ¹ver
734 2351 825 2435 utile
842 2350 972 2462 sylvis:

80 2486 181 2570 Vere
188 2505 335 2572 tument
352 2511 479 2591 terrae,
490 2512 527 2575 et
540 2495 712 2605 genitalia
729 2494 869 2573 semina
877 2493 1046 2600 poscunt.
1068 2519 1156 2603 324

83 2631 194 2712 Tum
224 2654 327 2744 pater
355 2638 591 2745 omnipotens
611 2631 805 2714 foecundis
829 2633 1015 2711 imbribus
1033 2629 1160 2711 aether
1220 2672 1222 2676 ·

84 2771 265 2878 Conjugis
280 2775 320 2853 in
338 2776 529 2882 gremium
544 2774 659 2855 laetae
668 2771 868 2872 descendit,
886 2790 924 2853 et
930 2799 1063 2858 omnes

84 2912 254 3018 Magnus
273 2913 351 3009 alit,
370 2943 511 3022 magno
524 2916 755 2996 commixtus
776 2943 952 3026 corpore,
965 2917 1099 2999 foetus.

86 3048 186 3129 Avia
199 3065 283 3131 tum
301 3049 470 3132 resonant
486 3054 613 3134 avibus
633 3054 792 3164 virgulta
808 3058 966 3154 canoris,
993 3140 999 3153 ,

87 3190 139 3270 Et
155 3188 341 3271 Venerem
359 3192 465 3271 certis
482 3210 653 3302 repetunt
675 3212 842 3275 armenta
859 3194 1009 3278 diebus:
1075 3220 1167 3304 3²9

85 3331 247 3412 Parturit
265 3329 386 3420 almus
409 3361 508 3444 ager,
541 3333 773 3446 zephyrique
797 3335 1007 3448 tepentibus
1032 3337 1130 3418 auris
1160 3419 1163 3424 ,

86 3471 236 3551 Laxant
250 3498 336 3550 arva
349 3470 470 3560 finus:
501 3475 645 3586 superat
659 3494 762 3557 tener
780 3475 1132 3570 omnibuahumort
1164 3563 1167 3568 ,

89 3609 213 3719 Inque
233 3639 350 3694 novos
362 3611 454 3695 soles
473 3614 612 3696 audent
629 3617 664 3697 se
683 3617 852 3725 gramm
864 3634 947 3702 tuto

51 3803 54 3812 ·
88 3752 271 3838 Credere:
303 3782 373 3836 nec
391 3758 526 3841 metuit
539 3757 725 3869 surgentes
735 3759 937 3870 pampinus
954 3760 1106 3858 austros,
1126 3842 1130 3850 ,
1158 3783 1167 3798 ’

88 3893 172 3976 Aut
191 3897 321 3975 aetum
335 3895 448 3990 ‚coelo
462 3899 608 4010 magnis
627 3898 865 4011 aquilonibus
883 3899 1049 3983 imbrem
1062 3933 1080 3997 ε,
1122 3965 1125 3971 .
1154 3935 1161 3970 -·

90 4029 165 4115 Sed
182 4031 298 4146 trudit
308 4060 496 4143 gemmas,
509 4054 548 4119 et
565 4035 716 4120 frondes
729 4038 893 4150 explicat
905 4068 1050 4123 omnes.
1084 4064 1171 4152 335

91 4172 188 4293 Non
206 4172 296 4258 alios
310 4175 433 4288 prima
449 4181 646 4266 crescentis
662 4181 806 4294 origine
828 4185 964 4273 mundi
1032 4210 1068 4267 .’
1155 4261 1175 4291 ,

584 4322 675 4438 1²3
951 4296 959 4307 ’
1020 4315 1187 4405 tunm
1331 4365 1335 4374 -
