2956 5078
244 414 254 438 ,
409 300 1106 428 ,·Auurrnos.L1u112
1168 315 1278 453 ³183

199 540 319 630 Dum,
332 531 482 620 fortuna
493 527 579 611 suit.
609 525 708 607 seror
728 520 818 620 huc,
837 538 875 600 et
891 521 997 603 litore
1015 518 1131 606 curvo
1442 510 1446 517 '

200 677 360 771 Moenia
379 673 502 787 prima
519 669 616 765 loco,
636 666 720 748 fatis
736 660 913 772 ingressus
930 663 1067 773 iniquis
1076 705 1092 762 3

200 812 469 923 Aeneadasque
483 837 572 890 meo
585 832 724 888 nomeu
740 804 790 885 de
807 802 961 884 nomine
975 802 1091 914 fingo.

203 959 313 1039 Sacra
325 955 516 1035 Dionaeae
531 950 654 1048 matri,
677 945 843 1054 divisque
864 943 1033 1026 ferebam

113 1129 115 1132 ’
202 1093 431 1207 Auspicibus
462 1107 685 1201 coeptorum
725 1113 912 1198 operum:
968 1085 1177 1196 superoque
1217 1085 1277 1168 ni·¹

289 1239 293 1247 '
343 1249 530 1327 stentem
1143 1284 1145 1289 ,
1219 1231 1276 1311 20'

203 1371 443 1455 Coelicolum
455 1370 533 1480 regi
546 1369 759 1451 mactabam
777 1370 816 1450 in
830 1367 936 1449 litore
947 1383 1108 1450 taurum.
1250 1426 1252 1430 -

204 1517 318 1598 Forte
332 1512 404 1594 fuit
415 1516 525 1625 juxta
540 1512 722 1609 tumulus,
741 1539 819 1620 quo
836 1539 970 1592 cornea
983 1511 1134 1592 summo
1275 1568 1278 1573 ,

205 1654 393 1764 Virgulta,
408 1673 446 1737 et
465 1654 585 1736 denfis
602 1652 794 1735 hastilibus
810 1651 960 1734 horrida
974 1672 1130 1760 myrtua
1271 1704 1279 1714 ·

207 1793 367 1891 Acceffi,
381 1793 614 1903 viridemque
627 1795 675 1873 ab
693 1790 814 1874 humo
834 1791 1042 1874 convellere
1057 1792 1201 1898 sylvam
1280 1782 1283 1795 ¹

208 1930 390 2026 Comme,
403 1929 516 2009 ramis
533 1948 697 2038 tegerem
719 1947 761 2009 ut
780 1927 1041 2012 frondentibus
1054 1959 1151 2028 aras3
1225 1956 1285 2043 25

209 2069 456 2150 Horrendum
480 2086 518 2148 et
536 2069 641 2151 diuo
658 2070 767 2158 video
788 2069 958 2150 mirabile
977 2070 1202 2152 monstrum.
1281 2122 1286 2132 ·

211 2212 332 2313 Nam,
353 2239 448 2320 quae
466 2212 590 2319 prima
607 2211 685 2292 solo
703 2213 818 2321 ruptis
832 2211 1016 2294 radicibus
1027 2212 1136 2295 arbos
1238 2301 1241 2305 ,

209 2355 386 2456 Vellitur,
409 2352 499 2435 huic
524 2373 602 2436 atro
621 2354 815 2466 liquuntur
839 2355 1016 2463 sanguine
1033 2374 1173 2463 guttae,

210 2498 263 2578 Et
283 2516 421 2577 terram
434 2495 521 2576 tabo
541 2496 743 2578 maculant.
778 2491 1051 2599 mihi‘frigidus
1067 2493 1199 2573 horror

209 2637 390 2717 Membra
402 2635 533 2741 quatit,
543 2633 759 2739 gelidusque
768 2629 844 2708 coit
855 2629 1057 2707 formidine
1066 2629 1289 2743 sanguisque

212 2775 354 2858 Rursus
372 2792 409 2854 et
428 2770 575 2853 alterius
591 2770 737 2852 lentum
756 2768 962 2850 convellere
977 2772 1105 2853 vimen

213 2915 405 3023 Insequor,
426 2930 463 2993 et
478 2909 600 2992 causas
616 2910 762 3021 penitus
774 2927 914 2990 tentare
938 2910 1113 2994 latentes:
1282 2964 1286 2971 ·

215 3054 322 3139 Alter
341 3071 378 3135 et
398 3051 546 3132 alterius
559 3051 722 3159 sequitur
736 3050 783 3132 de
801 3051 938 3132 cortice
951 3051 1107 3161 sanguis.

215 3193 344 3274 Multa
364 3219 519 3272 movens
533 3192 661 3271 animo
679 3189 867 3300 nymphas
885 3191 1081 3271 venerabar
1092 3189 1262 3301 agrestes,
1305 3202 1309 3207 '

214 3333 501 3440 Gradivumque
517 3350 674 3442 patrem,
692 3331 834 3412 Geticis
847 3332 913 3440 qui
927 3331 1102 3441 praesidet
1116 3333 1222 3430 arvis,
1235 3358 1291 3445 35

216 3474 306 3553 Rite
320 3472 561 3585 sqcundarent
580 3472 688 3569 visus,
703 3499 894 3581 omenque
919 3471 1093 3557 levarent.

216 3618 346 3698 Tertia
358 3615 419 3696 sed
436 3613 637 3725 postquam
655 3616 795 3722 majore
808 3614 953 3696 hastilia
969 3616 1050 3697 nisu

217 3754 440 3862 Aggredior,
461 3752 688 3862 genibusque
702 3752 870 3833 adversae
886 3751 1058 3834 obluctor
1073 3780 1204 3837 arenae
1217 3794 1231 3854 3

216 3889 400 3999 Eloquar,
419 3917 467 3970 an
484 3888 640 3976 sileam?
672 3891 834 4001 gemitus
853 3892 1103 4000 lacrymabilia
1125 3895 1207 3979 imo

218 4032 387 4129 Auditur
405 4031 569 4132 tumulo,
582 4051 707 4116 etvox
720 4036 863 4118 reddita
881 4037 1001 4119 fertur
1016 4037 1064 4119 ad
1081 4025 1215 4128 aures:
1238 4062 1298 4146 40

219 4171 331 4292 Qid
342 4171 691 4295 miserum,.Aenea,
706 4175 868 4294 laceras?
881 4179 964 4290 jam
973 4207 1088 4294 parce
1100 4178 1243 4293 sepulto
1253 4216 1286 4275 ;-

245 4336 275 4381 -·
1189 4316 1304 4400 Parce
