2948 5078
287 374 385 476 ἰω
504 361 559 465 P.
597 359 870 464 Vmerus
908 369 1191 468 Muuuuru

207 630 213 642 .
282 568 579 683 pumicibusque
594 565 709 671 cause
734 565 937 681 uerae
950 572 1090 655 uusuuu
1105 591 1224 658 uuuuu
1305 604 1333 689 4
1340 603 1365 692 ς
1411 537 1414 541 ’

169 742 171 746 ’
284 712 357 795 Tu
373 730 502 797 tamen
519 706 632 794 e'levi
654 707 790 799 usaue
803 711 942 792 cubilia
959 710 1054 795 limo

287 847 548 964 Ungesove‘m
558 846 718 948 escum,
749 867 896 933 amnas
913 850 1129 961 superinjiee
1141 850 1307 941 frondes.
1398 921 1404 935 ,

289 991 384 1080 Neu
399 994 554 1108 propius
570 991 677 1075 testis
693 1006 825 1073 taxum
846 985 934 1089 fine,
967 1019 1060 1074 neve
1080 996 1253 1078 rubentes

290 1138 373 1220 Ure
386 1137 474 1245 foqo
487 1124 663 1234 cmcros,'
680 1129 775 1213 altae
789 1152 864 1213 neu
880 1131 991 1219 erede
1007 1132 1163 1244 paludi:
1308 1209 1309 1212 r

289 1280 375 1361 Aut
389 1276 455 1357 ubi
468 1275 562 1356 odor
577 1271 685 1355 coeni
697 1264 830 1381 gravis,
862 1290 927 1353 aut
939 1273 1005 1354 ubi
1020 1300 1183 1357 concava
1197 1270 1305 1386 pulso
1397 1298 1404 1327 ⁵

291 1417 389 1497 Saxa
410 1414 552 1513 sonant,
579 1410 756 1524 vocisque
771 1412 910 1495 offensa
922 1412 1069 1496 resultat
1081 1416 1220 1527 imago.
1309 1442 1368 1529 50

290 1557 411 1662 Quod
429 1546 601 1667 superest3
630 1555 696 1637 ubi
715 1555 861 1667 pulsam
876 1540 1057 1666 hyemem
1076 1558 1128 1639 sol
1145 1584 1276 1643 aureus
1292 1560 1370 1670 egit

293 1698 373 1785 Sub
387 1715 509 1796 terras,
539 1695 767 1807 coelumque
784 1695 919 1779 aestiva
935 1697 1204 1785 lucereclusrt:
1342 1710 1348 1732 '

290 1835 387 1920 Illae
399 1835 580 1918 continuo
596 1833 706 1918 saltus
720 1835 911 1946 sylvasque
926 1855 1134 1948 peragrant,

291 1978 576 2092 Purpureusque
593 1992 741 2059 metunt
761 1975 881 2077 flores,
913 1994 951 2058 et
969 1975 1128 2060 flumina
1140 1977 1257 2060 libant

294 2128 455 2230 Smnme
470 2123 581 2206 leves.
605 2119 708 2220 hinc,
728 2120 851 2203 nescio
869 2149 943 2230 qua
966 2121 1163 2204 dulcedine
1180 2123 1295 2205 laetae
1311 2150 1368 2238 55

155 2313 159 2327 ·
290 2261 518 2372 Progeniem
534 2259 717 2369 nidosque
731 2257 885 2339 fovent:
916 2260 1007 2342 hinc
1024 2279 1102 2345 arte
1119 2281 1281 2345 recentes

291 2402 502 2488 excudunt
517 2386 631 2513 ceras}
660 2398 830 2480 etmella
846 2401 989 2482 tenacia
1005 2399 1165 2509 fingunt.
1443 2386 1453 2403 ’

292 2546 401 2630 Hinc
419 2544 486 2625 ubi
497 2544 580 2653 jam
596 2540 770 2624 emissum
787 2541 907 2623 caveis
926 2542 974 2623 ad
994 2526 1109 2623 sidera
1126 2541 1221 2624 coeli

292 2685 400 2771 Nare
417 2712 483 2794 per
501 2682 676 2764 aestatem
695 2659 878 2790 liquidam
896 2680 1100 2791 suspexeris
1119 2710 1266 2792 agmen,

293 2823 581 2932 Obscuramque
599 2819 697 2903 trahi
714 2840 827 2902 vento
843 2821 1024 2902 mirabere
1044 2826 1187 2903 nubem
1202 2864 1213 2920 ;
1311 2829 1368 2907 60

294 2964 605 3075 Contemplator:
637 2991 750 3073 aquas
769 2963 895 3046 dulces
913 2980 950 3045 et
968 2963 1123 3044 frondea
1143 2965 1286 3075 semper

232 3113 242 3133 '
296 3107 418 3188 Testa
436 3123 578 3216 petunt.
607 3099 683 3184 huc
701 3119 744 3184 tu
755 3103 870 3212 jussos
890 3102 1039 3213 asperge
1057 3104 1212 3214 sapores,

296 3245 407 3327 Trita
421 3243 668 3354 melisphylla,
701 3263 737 3323 et
753 3241 940 3325 cerinthae
956 3244 1118 3351 ignobile
1136 3270 1309 3351 gramen:

295 3382 549 3491 Tinnitusque
567 3385 637 3482 cie,
669 3400 706 3460 et
722 3384 856 3461 Matris
876 3403 986 3490 quate
1004 3384 1177 3490 cymbala
1195 3364 1351 3464 circum.

149 3546 152 3551 ⁴
295 3519 402 3632 Ipsae
419 3519 610 3600 confident
625 3519 816 3603 medicatis
833 3522 999 3602 sedibus:
1032 3521 1128 3631 ipsae
1313 3527 1337 3604 6
1345 3551 1369 3634 5

296 3661 438 3744 intima
456 3688 562 3742 more
579 3659 645 3742 suo
662 3659 734 3742 sese
752 3661 792 3743 in
809 3660 995 3745 cunabula
1011 3660 1187 3741 condent.
1273 3701 1279 3711 ·

300 3802 365 3881 Sin
383 3774 509 3881 autem
530 3802 577 3882 ad
596 3808 763 3912 pugnam
782 3803 939 3883 exierint
961 3806 1070 3912 (nam
1088 3801 1194 3912 saepe
1207 3800 1356 3883 duobus

296 3940 466 4049 Regibus
483 3940 623 4021 inceffit
639 3966 779 4050 magno
797 3944 976 4025 discordia
992 3941 1120 4049 motu)

294 4079 566 4187 Continuoque
584 4078 729 4160 animos
743 4078 857 4191 vulgi,
889 4102 928 4166 et
945 4083 1166 4197 trepidantia
1180 4083 1283 4167 bello

297 4217 424 4303 Corda
437 4216 524 4298 licet
537 4215 648 4330 longe
661 4219 920 4331 praesciscerer
938 4251 1105 4340 namque
1116 4238 1370 4334 morantes7o

1210 4362 1379 4447 Martius
