2948 5078
328 329 421 453 ¹3⁸
500 319 551 413 P.
586 317 864 413 Vinctum
899 317 1184 418 Masonsa
1268 423 1270 426 ,

318 522 370 609 Et
388 535 493 603 vacet
509 472 665 605 annuo*
675 518 888 601 nostrorum
905 517 1032 602 audire
1052 521 1252 625 laborum3

319 665 422 745 Ante
436 660 543 743 diem
561 657 686 741 clauso
701 669 908 771 componet
925 657 1050 769 vesper
1071 662 1255 774 Olympo.

25 791 28 798 ¹
204 805 207 815 ’
317 805 403 890 Nos
421 804 538 912 Troja
556 801 719 911 antiqua,
750 801 778 882 fi
796 800 928 882 vestras
945 799 1042 884 sorte
1059 830 1125 912 per
1144 833 1251 888 aures

319 946 457 1054 Trojae
475 971 616 1029 nomen
633 942 688 1041 iit,
720 942 858 1024 diversa
876 969 943 1053 per
959 970 1120 1052 aequora
1136 949 1273 1047 vestus,
1308 949 1393 1062 38⁶

318 1085 433 1171 Forte
443 1085 508 1167 sua
522 1083 675 1192 Libycis
694 1083 894 1193 tempestas
915 1082 1060 1193 appulit
1073 1084 1157 1169 oris.

320 1221 415 1313 Suria
431 1226 514 1337 pius
528 1211 686 1320 Aeneas,
717 1241 840 1334 raptos
860 1224 926 1333 qui
947 1250 996 1303 ex
1014 1220 1120 1306 hoste
1140 1243 1288 1336 penates

318 1366 438 1451 Classe
457 1364 554 1448 veho
571 1389 740 1464 mecum,
772 1363 874 1446 sama
890 1364 998 1473 super
1016 1364 1164 1448 aethera
1181 1383 1304 1453 notus.
1382 1361 1398 1401 ²

318 1507 469 1590 Italiam
485 1535 625 1619 quaero
641 1507 823 1617 patriam:
854 1522 1026 1614 etgenus
1046 1507 1095 1587 ab
1112 1509 1209 1613 Jove
1226 1506 1391 1592 summo.
1460 1538 1463 1543 ·

185 1673 190 1678 ’
318 1651 382 1734 Bis
400 1653 503 1735 denis
515 1648 726 1758 Phrygirun
740 1646 937 1730 conscendi
955 1646 1111 1729 navibus
1130 1647 1282 1773 aequor,
1301 1650 1355 1762 38
1363 1674 1389 1763 5
1415 1721 1418 1727 .

318 1790 446 1870 Matre
463 1792 532 1868 dea
552 1787 781 1869 monstrante
797 1787 911 1880 viam,
942 1786 1027 1866 data
1039 1785 1114 1867 fata
1130 1788 1295 1870 secutus:

318 1925 399 2020 vix
415 1927 557 2036 septem
573 1922 767 2005 convulsae
785 1922 894 2001 undis
912 1948 1077 2031 euroque
1094 1924 1297 2034 supersunt.

317 2068 404 2178 lpse
418 2068 581 2176 ignotus
608 2091 734 2175 egens,
763 2063 905 2172 Libyae
922 2061 1060 2168 deserta
1076 2088 1244 2174 peragro,

316 2211 470 2317 Europa
480 2222 592 2315 atque
604 2206 693 2286 Asia
705 2205 843 2317 pulsus.
875 2230 944 2287 nec
958 2205 1064 2316 plura
1083 2227 1301 2317 querentem

315 2345 422 2432 Passa
434 2347 575 2443 Venus,
606 2344 735 2425 medio
749 2344 799 2426 fic
817 2337 986 2426 interfata
1003 2347 1131 2428 dolore
1149 2349 1224 2430 est:
1298 2339 1387 2460 390

317 2485 498 2597 Qisquis
514 2513 566 2583 es,
586 2485 701 2582 haud,
726 2484 850 2583 medo,
873 2484 1008 2566 invisus
1022 2486 1240 2570 coelestibus
1254 2515 1362 2569 auras

317 2630 459 2712 vitales
476 2629 606 2738 carpis,
638 2626 799 2737 Tyriam
817 2628 883 2735 qui
901 2627 1090 2708 adveneris
1107 2627 1254 2710 urbem.

318 2770 437 2877 Perge
450 2770 582 2867 modo,
614 2784 724 2876 atque
740 2766 829 2848 hinc
842 2763 1037 2876 te'reginae
1052 2769 1099 2847 ad
1111 2767 1240 2848 limina
1253 2768 1389 2878 perfer.

317 2910 499 3015 Namque
517 2907 584 2985 tibi
598 2907 751 2986 reduces
769 2905 885 2985 socios
902 2906 1123 3016 classemque
1146 2908 1299 2989 relatam

316 3045 487 3141 Nuncio‚
506 3062 542 3125 et
562 3044 601 3123 in
618 3062 744 3123 tutum
761 3045 868 3122 versls
885 3045 1118 3151 aquilonibus
1133 3050 1274 3127 astam:
1300 3077 1355 3159 39
1363 3075 1387 3162 5

317 3186 374 3269 Ni
393 3186 524 3266 frustra
544 3187 744 3292 augurium
762 3187 844 3265 vani
866 3186 1026 3265 docuere
1044 3206 1223 3297 parentes

227 3307 230 3311 ¹
317 3328 454 3434 Aspice
471 3327 527 3404 bis
546 3326 648 3404 senos
668 3324 839 3404 laetantes
860 3327 1009 3433 agmine
1028 3355 1176 3435 cycnos,

318 3464 504 3545 Aetherea
522 3492 616 3571 quos
635 3463 731 3573 lapsa
748 3464 856 3573 plaga
874 3467 977 3571 Jovis
995 3467 1069 3547 ales
1087 3483 1214 3576 aperto

318 3605 514 3686 Turbabat
530 3604 662 3687 coelo:
695 3635 796 3687 nunc
817 3626 927 3687 terras
945 3608 1073 3688 ordine
1091 3607 1206 3716 longo

316 3744 398 3824 Aut
410 3775 553 3855 capere,
570 3766 633 3827 aut
650 3765 773 3856 captas
781 3749 863 3855 jam
877 3750 1086 3858 despectare
1102 3742 1285 3832 videntur.
1310 3769 1396 3858 400

317 3886 373 3963 Ut
390 3888 542 3965 reduces
557 3889 611 3966 illi
627 3888 761 3968 ludunt
777 3889 1013 3970 stridentibus
1028 3892 1107 3995 alis,

315 4029 368 4109 Et
387 4044 497 4106 coetu
514 4026 662 4107 cinxere
681 4027 826 4136 polum,
858 4031 1059 4141 cantusque
1077 4033 1235 4132 dedere3

315 4171 431 4255 Haud
450 4170 555 4254 aliter
573 4169 788 4284 puppesque
808 4191 893 4257 tuac
913 4176 1106 4289 pubesque
1127 4175 1297 4279 tuorum,

1306 4313 1389 4394 Aut
