2948 5078
265 400 271 411 ’
383 349 1023 465 ΑΒΝ·ει-υοε.ῑιΒ.Ῑ..
1141 395 1317 509 ¹²3.

164 572 252 654 Nec
270 572 370 684 porse
389 571 495 652 ltalia
515 574 756 654 Teucrorum
771 569 932 652 avertere
948 575 1101 680 regem?
1175 674 1179 681 ἱ

160 716 320 825 Qippe
336 731 440 794 vetor
456 710 553 796 fatis.
615 709 779 793 Pallasne
796 736 950 794 exurere
967 710 1118 797 classem

62 866 66 876 '
163 856 364 964 Argivum,
396 873 508 962 atque
525 848 623 963 ipso's
637 852 760 963 potuit
773 851 1009 962 submergere
1021 856 1156 965 ponto‚‘

165 997 289 1078 Unius
302 995 353 1075 ob
373 1022 515 1075 noxam
531 1012 569 1077 et
585 992 699 1076 furias
716 992 842 1102 Ajacis
861 994 993 1080 orlei?
1175 1025 1235 1111 45

165 1138 260 1247 lpsa,
292 1137 395 1242 jovis
412 1136 585 1245 rapidum
599 1131 759 1244 jaculata
776 1161 799 1216 e
816 1135 978 1216 nubibus
991 1137 1135 1247 ignem,
1159 1126 1161 1131 ’

167 1275 397 1384 Disjecitque
412 1291 518 1373 rates,
547 1272 751 1383 evertitque
759 1300 925 1383 aequora
936 1277 1074 1361 ventis:

166 1415 285 1496 Illum
304 1416 535 1524 expirantem
555 1413 732 1495 transfixo
748 1418 897 1524 pedore
912 1414 1085 1502 flammat

162 1559 341 1643 ..Turbine
358 1558 548 1669 corripuit,
579 1556 808 1667 scopuloque
826 1558 948 1639 infixit
963 1579 1086 1648 acuto.
1120 1668 1123 1673 .

168 1698 340 1808 Ali-ego,
373 1727 469 1811 quae
483 1697 615 1779 divum
627 1698 761 1778 incedo
776 1697 914 1807 regina,
946 1699 1123 1808 Jovisque
1179 1723 1238 1812 50

162 1839 220 1921 Et
237 1839 338 1921 soror
352 1857 390 1921 et
409 1839 562 1947 conjux,
593 1864 778 1919 unacum
796 1854 906 1946 gente
920 1853 977 1919 tot
992 1864 1109 1920 annos

65 1994 67 1999 ’
167 1978 271 2060 Bella
288 2009 403 2090 gero:
434 1996 473 2062 et
485 1977 684 2088 quisquam
700 2004 842 2059 numen
856 1978 1015 2083 Junonis
1031 1978 1160 2060 adorat

167 2115 369 2218 Praeterea,
400 2138 465 2204 aut
480 2115 637 2227 supplex
653 2115 724 2196 aris
740 2115 911 2224 imponet
927 2115 1136 2200 honorem?

169 2257 280 2340 Talia
298 2259 492 2340 flammato
510 2258 638 2338 secum
655 2258 725 2339 dea
740 2256 852 2338 corde
865 2259 1047 2358 volutant,

169 2400 406 2482 Nimborum
420 2402 459 2480 in
471 2400 642 2512 patriam,
675 2397 1237 2496 locafoetafurentibusaullrie,

168 2539 344 2621 Aeoliam
364 2540 475 2622 venit.
506 2538 571 2620 hic
588 2538 691 2619 vasto
703 2563 771 2617 rex
781 2535 924 2616 Aeolus
939 2555 1044 2616 antro
1181 2536 1236 2644 56

113 2751 114 2754 Ν
169 2670 369 2757 Luduntes
380 2695 508 2756 ventos
521 2674 826 2784 tempestatesque
842 2672 988 2755 sonoras

104 2872 111 2893 .
168 2816 503 2926 imperiopremit,
534 2844 579 2897 ac
596 2815 728 2895 vinclis
748 2831 786 2894 et
802 2840 947 2895 carcere
963 2814 1095 2898 freriat.

96 2958 98 2964 '
170 2953 232 3034 Illi
247 2956 479 3064 indignantes
494 2982 633 3064 magno
645 2981 739 3036 cum
752 2983 948 3036 murmure
967 2956 1119 3056 montis,

170 3096 328 3176 Circum
337 3092 492 3174 claustra
504 3094 684 3179 fremunt.
700 3093 795 3175 celsa
805 3095 903 3174 sedet
914 3092 1056 3174 Aeolus
1067 3117 1163 3190 arce,
1179 3095 1236 3176 60
1281 3068 1285 3077 ἱ

171 3239 321 3346 Sceptra
336 3252 478 3333 tenens,
508 3235 707 3344 mollitque
722 3236 879 3335 animos,
902 3252 949 3315 fet
962 3249 1143 3342 temperat
1155 3232 1237 3316 irae

170 3378 227 3458 Ni
238 3376 366 3478 faciat,
398 3377 515 3459 maria
531 3404 575 3457 ac
589 3393 700 3458 terras
717 3377 943 3487 coelumque
960 3374 1194 3486 profundum

170 3516 323 3628 Quippe
338 3516 456 3597 serant
474 3517 592 3627 rapidi
607 3518 746 3615 secum,
777 3535 995 3625 verrantque
1013 3537 1211 3624 per-auras.

172 3655 244 3734 Sed
263 3673 365 3763 pater
382 3656 619 3766 omnipotens
638 3657 819 3766 speluncis
835 3657 978 3738 abdidit
991 3657 1089 3755 atris,

171 3793 261 3872 Hoc
273 3814 461 3876 metuens:
484 3796 702 3905 molemque
710 3814 748 3877 et
758 3814 905 3877 montes
918 3795 1065 3906 insuper
1075 3792 1205 3878 altosd
1212 3819 1236 3908 ς

170 3932 366 4043 Imposuit,
398 3961 600 4046 regemque
614 3937 728 4036 dedit,
761 3939 828 4048 qui
845 3937 994 4020 foedere
1009 3954 1111 4018 certo

171 4077 223 4156 Et
240 4105 421 4186 premere,
437 4096 489 4160 ,et
512 4078 611 4162 laxas
632 4081 738 4162 sciret
754 4081 842 4163 dare
852 4081 969 4190 jussus
986 4078 1160 4162 habenae.

172 4216 235 4297 Ad
258 4244 374 4329 quem
393 4234 477 4301 turn
490 4219 592 4326 Juno
612 4217 768 4340 supplex
781 4219 1016 4305 luisvvocibut
1031 4217 1094 4303 ula
1112 4214 1190 4298 est:

174 4380 210 4426 ³·
279 4421 281 4425 ·
1106 4350 1243 4455 neore·
