2948 5078
353 336 969 438 ·Aaun'1nos.L1n.I.
1126 372 1224 469 149

154 546 258 654 Ergo
270 540 329 625 his
341 544 524 655 aligerum
537 544 646 626 dictis
657 543 792 627 affatur
807 572 999 630 amoremr

155 683 270 783 Nate,
289 680 395 769 meae
404 686 511 788 vires,
526 714 612 767 mea
624 713 762 795 magna
775 687 953 796 potentia,
971 686 1082 787 solus,

153 823 268 924 Nate,
290 825 402 936 patris
415 825 555 907 summi
567 827 633 936 qui
645 825 719 907 tela
732 823 919 935 Typhoea
935 829 1090 912 temnis:
1347 936 1353 949 ·

154 965 220 1044 Ad
233 983 270 1046 te
287 965 480 1076 confugio,
499 982 538 1048 et
553 967 710 1078 supplex
728 985 792 1048 tua
806 969 964 1052 numina
975 970 1101 1081 posco.
1134 973 1222 1088 ⁶7⁰

154 1106 282 1188 Frater
296 1124 339 1186 ut
353 1110 499 1188 Aeneas
513 1108 646 1218 pelago
663 1127 749 1189 tuus
762 1110 893 1191 omnia
906 1114 1053 1195 circum
1161 1206 1163 1211 ,

155 1245 285 1329 Litora
296 1249 467 1354 jadletur,
487 1248 581 1328 odiis
593 1250 753 1355 Junonis
770 1250 931 1360 iniquae,

155 1385 261 1467 Nota
276 1388 365 1471 tibi:
395 1407 434 1469 et
451 1388 576 1470 nostro
589 1387 739 1472 doluisti
756 1392 861 1503 saepe
878 1395 1021 1480 dolore.

155 1527 276 1609 Hunc
289 1520 485 1611 Phoenilla
497 1548 597 1612 tenet
613 1532 731 1633 Dido,
749 1532 966 1645 blandisque
986 1556 1166 1621 moratur¹

155 1664 347 1751 Vocibus:
378 1688 416 1750 et
432 1698 572 1768 vereor,
587 1671 718 1781 quo-se
731 1674 894 1779 Junonia
911 1693 1054 1758 vertant
1134 1681 1192 1792 67
1197 1702 1222 1793 ς
1258 1744 1262 1750 -
1329 1760 1334 1781 ,

155 1807 339 1920 Hospitis.
372 1809 474 1892 haud
490 1828 593 1893 tanto
612 1812 764 1911 cellabit
777 1815 925 1897 cardine
941 1845 1082 1904 rerum.
1211 1892 1214 1897 .

157 1949 344 2058 roirca
364 1979 494 2061 capere
512 1969 596 2033 ante
614 1952 710 2033 dolis
729 1971 766 2034 et
793 1955 941 2064 cingere
955 1955 1112 2038 flamma

158 2087 346 2197 Reginam
362 2088 543 2189 meditor3
562 2118 611 2172 ne
629 2118 706 2198 quo
717 2091 752 2171 se
766 2093 921 2174 numine
939 2111 1060 2176 mutet
1069 2133 1084 2194 ς

73 2240 76 2245 ’
157 2225 229 2306 Sed
257 2254 398 2335 magno
417 2230 569 2308 Aeneae
590 2257 744 2311 mecum
764 2248 930 2314 teneatur
945 2261 1085 2316 amore.

157 2369 247 2474 Qa
264 2368 384 2449 facere
404 2368 443 2448 id
456 2369 580 2480 poffis,
596 2370 761 2453 nostram
775 2402 874 2456 nunc
893 2377 1020 2485 accipe
1034 2391 1216 2459 mentem.

156 2506 313 2615 Regius,
331 2507 452 2588 accitu
469 2505 572 2589 chari
590 2509 778 2618 genitoris,
798 2510 844 2589 ad
863 2510 997 2590 urbem
1138 2513 1223 2595 681

155 2646 348 2726 Sidoniam
365 2674 459 2755 puer
478 2648 531 2726 ire
546 2664 661 2755 parat,
680 2676 766 2727 mea
786 2648 953 2733 maxima
966 2677 1067 2743 cura,

156 2787 270 2866 Dona
286 2785 406 2865 ferens
417 2783 549 2894 pelago
562 2802 599 2865 et
619 2783 782 2867 flammis
798 2785 968 2868 restantia
986 2786 1144 2897 Trojae.¹
1184 2798 1186 2802 ’

155 2923 274 3003 Hunc
289 2950 361 3031 ego
381 2923 544 3031 sopitum
556 2924 702 3022 sonmo,
722 2923 831 3035 super
843 2925 915 3006 alta
932 2924 1109 3035 Cythera,
1203 2928 1210 2939 '

155 3062 237 3140 Aut
250 3060 357 3171 super
368 3061 544 3161 Idalium,
561 3063 697 3143 sacrata
713 3061 796 3144 sede
814 3064 1042 3147 recondam:
1138 3062 1226 3178 685
1357 3150 1362 3156 .

154 3202 220 3282 Ne
234 3229 308 3311 qua
321 3201 411 3282 scire
425 3200 544 3298 dolos,
558 3200 751 3283 mediusve
762 3229 956 3290 occurrere
970 3202 1092 3312 pofiit.
1201 3212 1206 3223 '

155 3343 222 3421 Tu
240 3340 378 3423 faciem
391 3341 501 3442 illius,
518 3346 667 3424 nodlem
682 3370 758 3423 non
776 3343 937 3452 amplius
958 3371 1089 3441 unam,
1201 3352 1204 3357 '

156 3481 261 3564 Falle
272 3483 374 3584 dolo,
388 3502 425 3566 et
436 3503 543 3565 notos
554 3484 659 3594 pueri
671 3511 762 3593 puer
773 3483 886 3566 indue
896 3483 1043 3579 vultus:

155 3623 225 3720 Ut,
237 3652 329 3704 cum
349 3641 386 3704 te
397 3625 541 3733 gremio
552 3623 707 3732 accipiet
717 3621 910 3705 laetiffima
925 3623 1043 3720 Dido,

156 3763 315 3871 Regales
334 3765 428 3845 inter
440 3763 583 3845 mensas
595 3763 820 3872 laticemque
832 3767 1017 3872 Lyaeum,
1139 3764 1226 3871 690

155 3903 261 3983 Cum
273 3903 376 3984 dabit
393 3901 589 4012 amplexus
606 3912 720 4011 atque
729 3902 853 3984 oscula
864 3900 989 3983 dulcia
1000 3900 1104 4008 figet,

154 4041 362 4123 Occultum
379 4041 528 4152 inspires
539 4041 679 4151 ignem,
699 4041 875 4152 fallasque
888 4068 1044 4123 veneno.

153 4186 262 4275 Paret
274 4212 381 4268 amor
393 4186 501 4269 dietis
515 4185 647 4268 charae
666 4186 874 4294 genetricis,
888 4199 926 4266 et
943 4183 1018 4270 alas

309 4348 313 4355 ·
638 4326 674 4411 L
707 4352 730 4445 3
1100 4313 1233 4415 Exuit,
