2948 5078
222 108 287 202 60
427 104 477 200 P.
513 103 1090 216 V1aert11Manou1s

215 307 414 391 castaneae
426 308 546 417 fagos,
559 307 744 414 ornusque
754 309 919 390 incanuit
934 312 1021 394 albo

212 447 324 534 Flore
341 448 438 559 pyri,
468 445 718 556 glandemque
735 443 816 527 sues
831 447 972 559 fregere
989 449 1057 532 sub
1078 453 1208 547 ulmisss

209 580 255 676 N
255 617 299 672 ec
314 588 451 671 modus
461 585 616 666 inserere
624 602 735 694 atque
745 587 873 667 oculos
892 589 1083 700 imponere
1099 596 1277 707 srmplex:

176 778 179 783 -
210 732 321 816 Nam
338 725 467 840 quase
484 724 611 808 medio
623 724 777 805 trudunt
789 724 837 804 de
855 729 991 812 cortice
1010 759 1196 840 gemmae,

211 868 266 950 Et
281 884 411 950 tenues
429 880 610 974 mmpunt
625 863 781 964 tunicas,
801 866 976 974 angustus
989 871 1029 952 in
1045 872 1125 982 ipso
1216 906 1243 990 7
1250 907 1273 988 ς

209 1006 274 1092 Fit
289 994 393 1088 nodo
407 1006 527 1086 finusz
558 1001 635 1084 huc
651 1001 770 1083 aliena
780 1030 828 1083 ex
845 1005 974 1091 arbore
986 1039 1141 1119 germen

206 1144 426 1240 includunt,
444 1143 595 1253 udoque
615 1144 751 1225 docent
769 1143 966 1230 inolescere
984 1149 1092 1234 libro.
1265 1237 1266 1240 ,

210 1289 293 1377 Aut
305 1285 450 1369 rursum
468 1286 604 1367 enodes
617 1286 738 1366 trunci
755 1285 973 1387 resecantur,
987 1311 1025 1374 et
1040 1293 1114 1375 alte

208 1428 383 1521 Finditur
398 1426 439 1507 in
456 1426 617 1509 solidum
630 1429 757 1507 cuneis
770 1429 850 1508 via:
881 1431 1016 1515 deinde
1036 1432 1173 1515 feraces

207 1569 362 1654 Plantae
375 1566 641 1649 immittuntur.
660 1593 729 1647 nec
743 1564 902 1674 longum
910 1587 1073 1680 tempus,
1088 1572 1260 1681 etingens

207 1704 547 1789 Exiitadcoelum
563 1704 675 1785 ramis
686 1702 857 1786 felicibus
874 1709 994 1808 arbos,
1218 1716 1269 1801 81

208 1847 447 1955 Mirantrque
464 1872 575 1927 novas
589 1843 750 1939 frondes,
764 1859 802 1926 et
814 1872 892 1927 non
909 1847 972 1927 sua
981 1877 1108 1960 poma.

208 1983 421 2066 Praeteraea
436 2012 553 2094 genus
565 1983 668 2064 haud
680 2011 813 2082 unum,
828 2011 898 2066 nec
915 1964 1073 2070 fortibus
1089 1987 1228 2090 ulmis,-

122 2136 125 2141 ’
207 2125 296 2226 Nec
312 2125 423 2222 salici,
441 2125 607 2234 lotoque,
625 2151 694 2204 nec
716 2124 833 2204 Idaeis
844 2126 1052 2234 cypariffis:

207 2263 296 2347 Nec
310 2266 464 2376 pingues
476 2290 593 2344 unam
607 2261 794 2342 infaciem
809 2262 1005 2345 nascuntur
1022 2267 1156 2364 olivae,
1218 2271 1272 2382 85

209 2401 416 2507 Orchades,
431 2422 469 2485 et
480 2402 585 2499 radii,
602 2419 640 2482 et
656 2429 780 2482 amara
797 2403 919 2512 pausa
936 2404 1075 2488 bacca:

207 2545 418 2654 Pomaque,
434 2562 472 2625 et
491 2542 643 2623 Alcinoi
657 2543 799 2651 sylvae:
830 2571 900 2624 nec
917 2544 1080 2628 surculus
1098 2548 1201 2628 idem

209 2683 446 2779 Cmstumiis,
463 2682 645 2791 Syriisque
667 2681 780 2792 pyris,
800 2683 1044 2794 gravibusque
1062 2687 1231 2769 volemis.
1267 2728 1270 2732 Δ

208 2822 304 2902 Non
319 2822 452 2902 eadem
469 2821 661 2902 arboribus
674 2820 812 2930 pendet
823 2820 1013 2903 vindemia
1026 2825 1169 2923 nostris,

208 2964 339 3071 Qam
363 2959 638 3068 Methymnaeo
656 2960 773 3069 carpit
791 2958 838 3038 de
858 2959 1011 3068 palmite
1027 2965 1176 3049 Lesbos.
1218 2994 1273 3076 90

184 3128 187 3133 ·
211 3102 304 3179 Sunt
318 3097 477 3180 Thafiae
498 3101 601 3196 vites,
616 3100 699 3178 sunt
720 3117 757 3178 et
771 3092 998 3181 Mareotides
1010 3101 1140 3185 albae:

154 3314 158 3323 .
208 3235 415 3347 Pinguibus
426 3235 496 3316 hae
509 3238 610 3316 terris
626 3235 778 3335 habiles,
796 3235 992 3318 levioribus
1003 3238 1099 3320 illae.

207 3344 370 3491 Etpasto
390 3373 539 3486 Psythia
556 3378 692 3477 utilior,
709 3376 899 3486 tenuisque
913 3376 1047 3487 lageos,

208 3518 413 3599 Tentatura
431 3517 542 3628 pedes
556 3516 661 3614 olim,
680 3519 921 3624 vincturaque
941 3516 1135 3626 linguam;

207 3658 431 3763 Purpureae,
445 3656 681 3763 preciaeque:
713 3672 751 3733 et
762 3673 882 3762 quote
897 3659 1063 3741 carmine
1075 3658 1201 3741 dicam
1218 3690 1242 3772 9
1248 3688 1272 3771 ς

209 3792 418 3878 Rhaetica?
450 3819 519 3873 nec
539 3791 641 3872 cellis
658 3792 742 3873 idco
755 3797 936 3877 contende
949 3800 1127 3885 Falernis.

211 3933 303 4016 Sunt
320 3928 434 4013 etiam
446 3930 673 4017 Ammineae
691 3932 794 4040 vites,
814 3933 1023 4024 firmiffima
1040 3940 1146 4024 vina:
1192 3925 1195 3931 ’

1107 4066 1282 4153 Tmolius
