2956 5078
308 320 415 441 ‘208
512 305 564 417 Ρ.
597 298 864 414 Vitem-11
899 313 1179 421 Minoum

308 522 1145 638 mem-n,tanmoerusavauoepuums
1193 504 1237 579 -“
1297 536 1388 619 ⁶20

307 666 1126 766 Neorisusacilienecdistuaffubilisulli.
1261 736 1264 741 .
1319 694 1374 717 ··

306 805 1271 919 visceribuennserorumetnngninevescituratro.
1374 857 1378 863 ·

307 947 404 1032 Vidi
414 964 579 1057 egomet,
595 948 675 1031 duo
685 947 734 1029 de
749 974 909 1030 numero
919 974 1015 1031 cum
1026 975 1184 1062 corpora
1195 952 1322 1036 nostm

309 1085 447 1169 Prensn
458 1116 577 1169 nunu
588 1114 739 1196 magna,
756 1085 885 1169 medio
899 1087 1091 1199 resupinus
1108 1089 1150 1173 in
1161 1109 1279 1192 antro,

308 1229 731 1342 angeretadsaxum,
754 1229 927 1339 sanieque
944 1229 1084 1341 aspersa
1095 1249 1263 1316 natitent
1292 1237 1386 1351 625'

154 1436 159 1457 .
309 1370 486 1454 Limina:
510 1370 697 1469 vidi,atro
710 1397 802 1451 cum
821 1369 1163 1456 membra-fluentia
1181 1375 1270 1457 tabo
1374 1390 1377 1402 '

302 1508 523 1608 Mmderet,
548 1527 587 1592 et
605 1510 721 1621 tepidi
737 1524 940 1592 uenerem
952 1508 1020 1591 sub
1039 1510 1212 1595 dentibus
1221 1531 1333 1597 artus.
1371 1534 1380 1563 ²

267 1704 271 1710 -
308 1647 428 1730 Haud
445 1648 599 1759 impune
611 1647 780 1758 quidem.
798 1676 870 1731 nec
882 1648 969 1731 talia
991 1649 1112 1761 paffus
1128 1652 1289 1763 Ulysseo,

308 1785 506 1871 oblitusve
518 1786 574 1868 sui
591 1787 646 1869 est
658 1785 809 1870 Ithacus
825 1788 1038 1871 discrimine
1052 1807 1170 1874 tanto.-
1284 1828 1301 1837 ··
1368 1836 1373 1843 ·

307 1923 419 2009 Nam
427 1928 538 2008 fimrri
547 1925 717 2038 expletus
728 1926 901 2039 dapibus,
915 1928 1079 2040 vinoque
1095 1929 1267 2039 sepultus,
1284 1931 1310 2013 6
1318 1950 1382 2041 30

303 2067 507 2152 Cervicem
523 2067 702 2154 inflexam
717 2069 851 2180 posuit,
864 2069 1057 2179 jacuitque
1069 2094 1137 2180 per
1152 2082 1305 2152 antrum
1367 2110 1376 2121 ·

289 2207 535 2311 immensus,
556 2209 697 2291 saniem
712 2212 882 2292 eructans
907 2234 952 2290 ac
968 2204 1097 2308 frusta,
1110 2228 1265 2293 cruento
1373 2242 1377 2251 ⁴

308 2343 383 2426 Per
401 2344 580 2427 somnum
596 2348 805 2429 commixta
821 2371 929 2426 mero
936 2382 957 2442 ς·
970 2372 1051 2444 nos,
1062 2374 1200 2454 magna
1220 2344 1364 2455 precati

309 2481 497 2583 Numina,
519 2483 709 2597 sortitique
722 2486 835 2586 vices,
850 2508 927 2599 una
939 2482 1106 2592 undique
1119 2461 1282 2565 eircum'

308 2628 535 2730 Fundimur,
549 2648 588 2712 et
604 2629 680 2711 telo
700 2627 832 2710 lumen
849 2626 1078 2708 terebramus
1096 2642 1207 2709 acuto
1289 2626 1315 2709 6
1323 2655 1382 2738 35

215 2874 218 2884 Ι
307 2771 460 2882 Ingens,
474 2772 579 2881 quod
596 2789 700 2853 torva
711 2770 835 2851 solum
852 2768 921 2850 sub
937 2766 1061 2850 fronte
1077 2765 1226 2869 latelut,

309 2912 479 3023 Argolici
491 2911 614 3021 clypei
630 2929 695 2991 aut
704 2907 901 2991 Phoebeae
918 2906 1099 3017 lampadis
1123 2906 1255 2988 instar:

299 3050 362 3134 ›Et
375 3054 526 3137 tandem
539 3053 624 3135 laeti
640 3050 826 3132 sociomm
841 3047 1055 3130 ulciscimur
1072 3048 1235 3128 umbras.

308 3195 383 3277 sed
398 3195 530 3306 fugite,
547 3223 573 3277 o
591 3191 727 3291 miseri,
741 3190 873 3300 fugite,
889 3207 1001 3300 atque
1015 3186 1062 3270 ab
1081 3188 1187 3270 litore
1198 3185 1332 3268 funem

307 3336 503 3448 Rumpite.
1284 3330 1377 3433 640

306 3475 415 3563 Nam
438 3475 557 3588 qualis
573 3453 806 3587 quantusque
823 3499 915 3554 cavo
937 3466 1193 3579 Polyphemus
1212 3466 1251 3544 in
1269 3482 1384 3546 antro

305 3619 506 3731 Lanigeras
518 3620 657 3702 claudit
671 3616 844 3730 pecudes,
862 3633 972 3724 atque
985 3613 1098 3693 ubera
1110 3608 1253 3719 pressat,

304 3757 474 3839 Centum
490 3758 552 3840 alii
570 3786 682 3839 curva
697 3753 969 3837 hacchubitant
987 3750 1034 3831 ad
1058 3747 1163 3827 litora
1186 3746 1301 3853 vulgo
1367 3796 1372 3805 -

306 3887 456 3976 infandi
468 3898 665 4006 Cyclopes,
679 3915 717 3977 et
729 3895 810 3976 altis
826 3892 1017 3972 montibus
1029 3904 1161 3969 errant.

306 4033 436 4116 Tertia
447 4035 529 4142 jam
542 4036 651 4115 lunae
672 4036 709 4113 se
725 4058 864 4112 cornua
881 4029 1026 4112 lumine
1044 4023 1252 4137 complent,
1287 4025 1346 4127 64
1353 4048 1378 4134 ς

305 4175 410 4259 Cum
422 4170 724 4288 vitaminsylvis,
745 4171 841 4259 inter
859 4170 1000 4267 deserta
1015 4167 1182 4257 serarum
1204 4246 1212 4259 ,
1271 4217 1293 4225 --
1357 4196 1368 4225 ·-

419 4306 427 4317 ’
1237 4299 1383 4385 Lustra
