2948 5078
271 345 373 442 ,οῦ
527 333 863 434 P.V11err.rr
895 335 1177 446 Minonre

267 541 430 629 Dictaeo
441 538 542 626 coeti
552 562 685 650 mgcm
694 564 830 648 pavete
844 538 915 623 sub
933 563 1056 631 antro.

266 683 375 769 solae
394 708 619 769 communen
635 699 756 782 nator,
782 681 966 767 consortia
984 693 1084 771 tecte

264 825 382 910 Urbis
392 825 548 927 habent,
561 823 781 934 magnisque
794 825 937 935 agitant
949 827 1017 908 sub
1030 829 1351 945 legiburaevum,

217 1060 221 1069 ,
262 967 317 1051 Et
336 969 497 1081 petriam
512 965 626 1066 solae,
655 981 1171 1079 etcertoenovereprnatesg
1264 1011 1349 1099 ¹55

179 1130 185 1142 ‘
262 1109 529 1226 Vanuneque
545 1106 696 1221 hyemis
713 1132 915 1208 memores,
946 1111 1082 1196 aestate
1096 1114 1272 1206 laborem

261 1248 530 1364 Experiunnrr,
561 1267 601 1330 et
615 1248 656 1328 in
673 1246 847 1328 medium
862 1252 1025 1359 quaefita
1037 1279 1241 1367 reponunt.

98 1452 104 1460 .
260 1390 666 1502 Nmrquecliaevidu
678 1386 886 1498 invigilant,
916 1410 954 1474 et
972 1393 1124 1482 foedere
1142 1407 1258 1513 pasto

259 1534 494 1618 Exercentur
509 1532 631 1643 agric:
662 1557 747 1642 pars
761 1534 857 1614 intra
870 1533 970 1647 septa
983 1531 1192 1626 domorum

258 1675 423 1761 Narciffi
435 1675 656 1786 ieeryrnnn,
674 1692 714 1755 et
725 1671 873 1759 lenmm
886 1677 934 1759 de
945 1683 1085 1764 cortice
1097 1684 1241 1794 gluten,
1260 1694 1341 1778 160

257 1816 497 1905 Prtnnfavis
511 1833 658 1927 ponunt
669 1814 918 1915 fundamina;
949 1819 1085 1904 deinde
1103 1841 1251 1910 tenaces

259 1956 497 2071 urspendunt
513 1986 626 2044 cerae.
657 1955 766 2056 aliae,
795 1958 901 2069 spem
919 1963 1051 2068 gentis,
1079 1965 1228 2051 adultos

256 2100 440 2186 Educunt
454 2101 601 2184 foetus:
632 2097 724 2181 aliae
742 2100 933 2210 puriffima
945 2103 1062 2184 mella

255 2244 416 2356 Stipant,
447 2261 487 2326 et
504 2242 650 2353 liquido
669 2243 885 2325 distendunt
901 2246 1048 2328 nectare
1066 2248 1192 2334 cellas.

256 2383 365 2484 Sunt,
395 2384 532 2496 quibus
547 2383 597 2465 ad
615 2402 739 2494 portas
756 2384 893 2465 cecidit
906 2385 1073 2469 custodia
1092 2389 1201 2473 sorti:
1250 2396 1302 2478 16
1308 2419 1333 2507 ς

254 2525 379 2637 Inque
396 2527 520 2607 vicem
531 2525 765 2636 speculantur
782 2552 895 2635 aquas
912 2543 950 2607 et
970 2528 1101 2610 nubila
1117 2531 1227 2631 coeli,

255 2669 465 2750 Autonere
477 2667 666 2778 accipiunt
681 2667 912 2764 venientum,
944 2686 1007 2747 aut
1023 2670 1172 2778 agmine
1185 2671 1286 2754 facto

254 2809 442 2918 Ignavum
454 2809 562 2890 fucos
583 2836 696 2919 pecus
709 2837 731 2886 a
746 2809 979 2920 praesepibus
997 2831 1136 2895 arcent.

251 2950 387 3034 Fervet
396 2978 503 3061 opus,
531 2950 772 3059 redolentque
784 2949 921 3061 thymo
935 2952 1270 3062 fragrantia'mella.

251 3093 314 3172 Ac
328 3092 442 3173 veluti
455 3093 563 3176 lentis
577 3091 762 3202 Cyclopes
776 3091 938 3173 fiulmina
951 3095 1074 3175 maffis
1250 3123 1330 3212 170

251 3233 355 3314 Cum
374 3253 572 3345 properant
586 3274 597 3330 ;
630 3232 692 3314 alii
708 3234 861 3313 taurinis
873 3232 1025 3314 follibus
1042 3263 1149 3316 auras

250 3373 457 3480 Accipiunt
469 3373 730 3478 redduntque:
771 3371 832 3449 alii
846 3370 1035 3450 stridentia
1049 3373 1198 3479 tingunt

250 3513 351 3592 Aera
368 3510 476 3595 lacu:
509 3510 627 3621 gemit
645 3511 823 3620 impositis
842 3511 1040 3591 incudibus
1061 3515 1196 3596 Aetna.

248 3650 311 3732 illi
328 3654 423 3735 inter
444 3653 515 3736 sese
534 3679 671 3762 magna
690 3653 727 3732 vi
745 3649 897 3734 brachia
914 3650 1052 3730 tollunt

246 3792 293 3873 ln
305 3818 508 3877 numerum
520 3794 759 3902 3versantque
772 3793 891 3873 tenaci
905 3792 1046 3901 forcipe
1060 3789 1219 3876 ferrum.
1241 3821 1293 3909 17
1299 3817 1324 3905 ς

246 3931 341 4015 Non
361 3933 464 4014 aliter
483 3935 511 4012 sr
530 3963 642 4042 parva
654 3934 741 4012 licet
758 3959 987 4042 componere
1004 3931 1167 4041 magnis,

66 4149 73 4160 .
245 4075 444 4187 Cecropias
463 4077 611 4156 innatus
622 4101 708 4186 apes
720 4100 827 4154 amor
847 4094 955 4186 urget
971 4072 1151 4174 habendi,

244 4218 408 4304 Munere
428 4244 620 4333 quamque
636 4215 715 4310 suo.
734 4313 738 4319 ,
744 4218 961 4331 grandaevis
976 4218 1120 4332 oppida
1136 4241 1301 4434 “ME

522 4368 524 4374 '
1302 4372 1318 4439 t
