<?xml version="1.0" encoding="UTF-8"?>
<!DOCTYPE html PUBLIC "-//W3C//DTD XHTML 1.0 Transitional//EN"
    "http://www.w3.org/TR/xhtml1/DTD/xhtml1-transitional.dtd">
<html xmlns="http://www.w3.org/1999/xhtml" xml:lang="en" lang="en">
 <head>
  <title>
</title>
<meta http-equiv="Content-Type" content="text/html;charset=utf-8" />
  <meta name='ocr-system' content='tesseract 3.04.00' />
  <meta name='ocr-capabilities' content='ocr_page ocr_carea ocr_par ocr_line ocrx_word'/>
</head>
<body>
  <div class='ocr_page' id='page_1' title='image "./publiivirgiliim02schegoog_0098.png"; bbox 0 0 2948 5078; ppageno 0'>
   <div class='ocr_carea' id='block_1_1' title="bbox 340 369 1190 519">
    <p class='ocr_par' dir='ltr' id='par_1_1' title="bbox 340 369 1190 519">
     <span class='ocr_line' id='line_1_1' title="bbox 340 369 1190 519; baseline 0.021 -52"><span class='ocrx_word' id='word_1_1' title='bbox 340 371 658 467; x_wconf 74' lang='lat' dir='ltr'>Buconrcn.</span> <span class='ocrx_word' id='word_1_2' title='bbox 694 369 822 466; x_wconf 81' lang='lat' dir='ltr'>Ecn.</span> <span class='ocrx_word' id='word_1_3' title='bbox 860 372 989 475; x_wconf 87' lang='lat' dir='ltr'><strong>VIII.</strong></span> <span class='ocrx_word' id='word_1_4' title='bbox 1129 415 1190 519; x_wconf 78' lang='lat'>²5</span> 
     </span>
    </p>
   </div>
   <div class='ocr_carea' id='block_1_2' title="bbox 119 571 1256 1935">
    <p class='ocr_par' dir='ltr' id='par_1_2' title="bbox 120 571 1114 683">
     <span class='ocr_line' id='line_1_2' title="bbox 120 571 1114 683; baseline 0.007 -25"><span class='ocrx_word' id='word_1_5' title='bbox 120 579 225 659; x_wconf 76' lang='lat' dir='ltr'>Cos.</span> <span class='ocrx_word' id='word_1_6' title='bbox 254 571 420 683; x_wconf 89' lang='lat' dir='ltr'>Populus</span> <span class='ocrx_word' id='word_1_7' title='bbox 436 571 594 654; x_wconf 85' lang='lat' dir='ltr'><strong>Alcidae</strong></span> <span class='ocrx_word' id='word_1_8' title='bbox 616 572 829 683; x_wconf 82' lang='lat' dir='ltr'>gratissima,</span> <span class='ocrx_word' id='word_1_9' title='bbox 843 577 927 659; x_wconf 87' lang='lat' dir='ltr'>vitis</span> <span class='ocrx_word' id='word_1_10' title='bbox 949 575 1114 668; x_wconf 76' lang='lat' dir='ltr'>Iacchus</span> 
     </span>
    </p>

    <p class='ocr_par' dir='ltr' id='par_1_3' title="bbox 121 714 1053 825">
     <span class='ocr_line' id='line_1_3' title="bbox 121 714 1053 825; baseline 0.009 -26"><span class='ocrx_word' id='word_1_11' title='bbox 121 715 324 799; x_wconf 84' lang='lat' dir='ltr'>Formosae</span> <span class='ocrx_word' id='word_1_12' title='bbox 339 733 485 825; x_wconf 82' lang='lat' dir='ltr'><strong>myrtus</strong></span> <span class='ocrx_word' id='word_1_13' title='bbox 496 714 648 814; x_wconf 85' lang='lat' dir='ltr'>Veneri,</span> <span class='ocrx_word' id='word_1_14' title='bbox 667 714 729 796; x_wconf 80' lang='lat' dir='ltr'>sua</span> <span class='ocrx_word' id='word_1_15' title='bbox 746 715 869 799; x_wconf 73' lang='lat' dir='ltr'>laurea</span> <span class='ocrx_word' id='word_1_16' title='bbox 884 717 1053 807; x_wconf 87' lang='lat' dir='ltr'><strong>Phoebo.</strong></span> 
     </span>
    </p>

    <p class='ocr_par' dir='ltr' id='par_1_4' title="bbox 123 846 1135 970">
     <span class='ocr_line' id='line_1_4' title="bbox 123 846 1135 970; baseline 0.006 -29"><span class='ocrx_word' id='word_1_17' title='bbox 123 856 268 968; x_wconf 84' lang='lat' dir='ltr'><strong>Phyllis</strong></span> <span class='ocrx_word' id='word_1_18' title='bbox 285 875 387 940; x_wconf 90' lang='lat' dir='ltr'>amat</span> <span class='ocrx_word' id='word_1_19' title='bbox 403 855 572 966; x_wconf 86' lang='lat' dir='ltr'>corylos:</span> <span class='ocrx_word' id='word_1_20' title='bbox 604 854 685 936; x_wconf 84' lang='lat' dir='ltr'>illas</span> <span class='ocrx_word' id='word_1_21' title='bbox 703 856 798 939; x_wconf 89' lang='lat' dir='ltr'>dum</span> <span class='ocrx_word' id='word_1_22' title='bbox 814 856 959 970; x_wconf 83' lang='lat' dir='ltr'>Phyllis</span> <span class='ocrx_word' id='word_1_23' title='bbox 975 846 1135 967; x_wconf 48' lang='lat' dir='ltr'>anmbitj</span> 
     </span>
    </p>

    <p class='ocr_par' dir='ltr' id='par_1_5' title="bbox 122 992 1085 1103">
     <span class='ocr_line' id='line_1_5' title="bbox 122 992 1085 1103; baseline 0.01 -25"><span class='ocrx_word' id='word_1_24' title='bbox 122 997 208 1078; x_wconf 84' lang='lat' dir='ltr'>Noc</span> <span class='ocrx_word' id='word_1_25' title='bbox 226 1013 370 1103; x_wconf 82' lang='lat' dir='ltr'>myrtus</span> <span class='ocrx_word' id='word_1_26' title='bbox 388 994 512 1076; x_wconf 86' lang='lat' dir='ltr'>vincet</span> <span class='ocrx_word' id='word_1_27' title='bbox 526 992 684 1101; x_wconf 86' lang='lat' dir='ltr'>corylos,</span> <span class='ocrx_word' id='word_1_28' title='bbox 707 995 914 1079; x_wconf 77' lang='lat' dir='ltr'>neciaurea</span> <span class='ocrx_word' id='word_1_29' title='bbox 927 1000 1085 1091; x_wconf 89' lang='lat' dir='ltr'>Phoebi.</span> 
     </span>
    </p>

    <p class='ocr_par' dir='ltr' id='par_1_6' title="bbox 121 1132 1196 1250">
     <span class='ocr_line' id='line_1_6' title="bbox 121 1132 1196 1250; baseline 0.011 -34"><span class='ocrx_word' id='word_1_30' title='bbox 121 1136 430 1219; x_wconf 76' lang='lat' dir='ltr'>Tnu.Fraxinus</span> <span class='ocrx_word' id='word_1_31' title='bbox 439 1136 478 1215; x_wconf 93' lang='lat' dir='ltr'>in</span> <span class='ocrx_word' id='word_1_32' title='bbox 492 1133 600 1243; x_wconf 87' lang='lat' dir='ltr'>sylvis</span> <span class='ocrx_word' id='word_1_33' title='bbox 607 1132 871 1244; x_wconf 77' lang='lat' dir='ltr'>pulcherrima,</span> <span class='ocrx_word' id='word_1_34' title='bbox 883 1140 994 1248; x_wconf 86' lang='lat' dir='ltr'><strong>pinus</strong></span> <span class='ocrx_word' id='word_1_35' title='bbox 1007 1143 1048 1226; x_wconf 93' lang='lat' dir='ltr'>in</span> <span class='ocrx_word' id='word_1_36' title='bbox 1060 1134 1196 1250; x_wconf 84' lang='lat' dir='ltr'>hortis,&#39;</span> 
     </span>
    </p>

    <p class='ocr_par' dir='ltr' id='par_1_7' title="bbox 120 1272 1189 1385">
     <span class='ocr_line' id='line_1_7' title="bbox 120 1272 1189 1385; baseline 0.011 -29"><span class='ocrx_word' id='word_1_37' title='bbox 120 1274 288 1385; x_wconf 87' lang='lat' dir='ltr'>Populus</span> <span class='ocrx_word' id='word_1_38' title='bbox 300 1276 340 1354; x_wconf 89' lang='lat' dir='ltr'>in</span> <span class='ocrx_word' id='word_1_39' title='bbox 355 1272 488 1373; x_wconf 82' lang='lat' dir='ltr'>fluviis,</span> <span class='ocrx_word' id='word_1_40' title='bbox 505 1273 604 1355; x_wconf 89' lang='lat' dir='ltr'>abies</span> <span class='ocrx_word' id='word_1_41' title='bbox 621 1273 661 1353; x_wconf 89' lang='lat' dir='ltr'>in</span> <span class='ocrx_word' id='word_1_42' title='bbox 675 1275 864 1358; x_wconf 88' lang='lat' dir='ltr'>montibus</span> <span class='ocrx_word' id='word_1_43' title='bbox 880 1277 986 1361; x_wconf 82' lang='lat' dir='ltr'>altis:</span> <span class='ocrx_word' id='word_1_44' title='bbox 1133 1289 1189 1370; x_wconf 88' lang='grc'>66</span> 
     </span>
    </p>

    <p class='ocr_par' dir='ltr' id='par_1_8' title="bbox 120 1413 991 1523">
     <span class='ocr_line' id='line_1_8' title="bbox 120 1413 991 1523; baseline 0.006 -30"><span class='ocrx_word' id='word_1_45' title='bbox 120 1413 272 1523; x_wconf 82' lang='lat' dir='ltr'>Saepius</span> <span class='ocrx_word' id='word_1_46' title='bbox 292 1431 329 1493; x_wconf 86' lang='lat' dir='ltr'>at</span> <span class='ocrx_word' id='word_1_47' title='bbox 346 1414 464 1512; x_wconf 87' lang='lat' dir='ltr'>fime,</span> <span class='ocrx_word' id='word_1_48' title='bbox 478 1415 622 1521; x_wconf 84' lang='lat' dir='ltr'>Lycida</span> <span class='ocrx_word' id='word_1_49' title='bbox 640 1413 816 1514; x_wconf 87' lang='lat' dir='ltr'>formose,</span> <span class='ocrx_word' id='word_1_50' title='bbox 834 1416 991 1514; x_wconf 75' lang='lat' dir='ltr'>revisas3</span> 
     </span>
    </p>

    <p class='ocr_par' dir='ltr' id='par_1_9' title="bbox 119 1551 1023 1661">
     <span class='ocr_line' id='line_1_9' title="bbox 119 1551 1023 1661; baseline 0.007 -26"><span class='ocrx_word' id='word_1_51' title='bbox 119 1553 303 1635; x_wconf 82' lang='lat' dir='ltr'>Fraxinus</span> <span class='ocrx_word' id='word_1_52' title='bbox 317 1553 356 1632; x_wconf 90' lang='lat' dir='ltr'>in</span> <span class='ocrx_word' id='word_1_53' title='bbox 369 1551 478 1661; x_wconf 89' lang='lat' dir='ltr'>sylvis</span> <span class='ocrx_word' id='word_1_54' title='bbox 494 1551 601 1632; x_wconf 83' lang='lat' dir='ltr'>cedat</span> <span class='ocrx_word' id='word_1_55' title='bbox 616 1552 699 1648; x_wconf 87' lang='lat' dir='ltr'>tibi,</span> <span class='ocrx_word' id='word_1_56' title='bbox 718 1554 826 1660; x_wconf 85' lang='lat' dir='ltr'>pinus</span> <span class='ocrx_word' id='word_1_57' title='bbox 844 1556 883 1635; x_wconf 91' lang='lat' dir='ltr'>in</span> <span class='ocrx_word' id='word_1_58' title='bbox 894 1555 1023 1643; x_wconf 84' lang='lat' dir='ltr'>hortis.</span> 
     </span>
    </p>

    <p class='ocr_par' dir='ltr' id='par_1_10' title="bbox 122 1688 1256 1935">
     <span class='ocr_line' id='line_1_10' title="bbox 122 1688 1256 1786; baseline 0.013 -16"><span class='ocrx_word' id='word_1_59' title='bbox 122 1690 216 1776; x_wconf 78' lang='lat' dir='ltr'>Mn.</span> <span class='ocrx_word' id='word_1_60' title='bbox 255 1690 363 1770; x_wconf 87' lang='lat' dir='ltr'>Haec</span> <span class='ocrx_word' id='word_1_61' title='bbox 396 1688 568 1786; x_wconf 88' lang='lat' dir='ltr'>memini,</span> <span class='ocrx_word' id='word_1_62' title='bbox 596 1706 634 1769; x_wconf 88' lang='lat' dir='ltr'>et</span> <span class='ocrx_word' id='word_1_63' title='bbox 664 1690 807 1771; x_wconf 71' lang='lat' dir='ltr'>viuun</span> <span class='ocrx_word' id='word_1_64' title='bbox 824 1689 956 1776; x_wconf 78' lang='lat' dir='ltr'>fruſtra</span> <span class='ocrx_word' id='word_1_65' title='bbox 972 1698 1194 1785; x_wconf 85' lang='lat' dir='ltr'>contendere</span> <span class='ocrx_word' id='word_1_66' title='bbox 1254 1740 1256 1745; x_wconf 46' lang='lat'>2</span> 
     </span>
     <span class='ocr_line' id='line_1_11' title="bbox 307 1826 1164 1935; baseline 0.009 -30"><span class='ocrx_word' id='word_1_67' title='bbox 307 1826 484 1935; x_wconf 87' lang='lat' dir='ltr'>Thyrsm.</span> <span class='ocrx_word' id='word_1_68' title='bbox 1152 1829 1164 1844; x_wconf 52' lang='lat'>⁵</span> 
     </span>
    </p>
   </div>
   <div class='ocr_carea' id='block_1_3' title="bbox 120 1963 1191 2094">
    <p class='ocr_par' dir='ltr' id='par_1_11' title="bbox 120 1963 1191 2094">
     <span class='ocr_line' id='line_1_12' title="bbox 120 1963 1191 2094; baseline 0.011 -48"><span class='ocrx_word' id='word_1_69' title='bbox 120 1967 181 2048; x_wconf 83' lang='lat' dir='ltr'>Ex</span> <span class='ocrx_word' id='word_1_70' title='bbox 205 1967 272 2048; x_wconf 86' lang='lat' dir='ltr'>ilio</span> <span class='ocrx_word' id='word_1_71' title='bbox 286 1965 478 2074; x_wconf 83' lang='lat' dir='ltr'>Corydon,</span> <span class='ocrx_word' id='word_1_72' title='bbox 499 1964 677 2074; x_wconf 89' lang='lat' dir='ltr'>Corydon</span> <span class='ocrx_word' id='word_1_73' title='bbox 696 1963 750 2046; x_wconf 88' lang='lat' dir='ltr'>est</span> <span class='ocrx_word' id='word_1_74' title='bbox 767 1983 936 2080; x_wconf 87' lang='lat' dir='ltr'>tempore</span> <span class='ocrx_word' id='word_1_75' title='bbox 949 1973 1068 2058; x_wconf 88' lang='lat' dir='ltr'>nobis.</span> <span class='ocrx_word' id='word_1_76' title='bbox 1132 2008 1191 2094; x_wconf 79' lang='lat'>70</span> 
     </span>
    </p>
   </div>
   <div class='ocr_carea' id='block_1_4' title="bbox 230 2227 1095 2490">
    <p class='ocr_par' dir='ltr' id='par_1_12' title="bbox 230 2227 1095 2490">
     <span class='ocr_line' id='line_1_13' title="bbox 340 2227 980 2331; baseline 0.017 -12"><span class='ocrx_word' id='word_1_77' title='bbox 340 2227 782 2325; x_wconf 82' lang='lat' dir='ltr'><strong>ECLOGA</strong></span> <span class='ocrx_word' id='word_1_78' title='bbox 853 2235 980 2331; x_wconf 88' lang='lat' dir='ltr'><strong>VIII.</strong></span> 
     </span>
     <span class='ocr_line' id='line_1_14' title="bbox 230 2395 1095 2490; baseline 0.009 -8"><span class='ocrx_word' id='word_1_79' title='bbox 230 2395 1095 2490; x_wconf 86' lang='lat' dir='ltr'><strong>PHARMACEUTRIA.</strong></span> 
     </span>
    </p>
   </div>
   <div class='ocr_carea' id='block_1_5' title="bbox 41 2621 1187 3309">
    <p class='ocr_par' dir='ltr' id='par_1_13' title="bbox 41 2621 1187 3309">
     <span class='ocr_line' id='line_1_15' title="bbox 148 2621 944 2744; baseline 0.013 -23"><span class='ocrx_word' id='word_1_80' title='bbox 148 2621 151 2628; x_wconf 37' lang='lat'><strong><em>¹</em></strong></span> <span class='ocrx_word' id='word_1_81' title='bbox 253 2621 255 2625; x_wconf 11' lang='grc' dir='ltr'><em>Α</em></span> <span class='ocrx_word' id='word_1_82' title='bbox 361 2644 554 2744; x_wconf 78' lang='lat' dir='ltr'>Dnmou,</span> <span class='ocrx_word' id='word_1_83' title='bbox 586 2642 944 2732; x_wconf 78' lang='lat' dir='ltr'>Annnnsmonus.</span> 
     </span>
     <span class='ocr_line' id='line_1_16' title="bbox 207 2785 1088 2900; baseline 0.005 -29"><span class='ocrx_word' id='word_1_84' title='bbox 207 2785 389 2871; x_wconf 82' lang='lat' dir='ltr'>Astorum</span> <span class='ocrx_word' id='word_1_85' title='bbox 406 2785 562 2868; x_wconf 76' lang='lat' dir='ltr'>Musam</span> <span class='ocrx_word' id='word_1_86' title='bbox 577 2787 763 2868; x_wconf 85' lang='lat' dir='ltr'>Damonis</span> <span class='ocrx_word' id='word_1_87' title='bbox 779 2803 818 2867; x_wconf 89' lang='lat' dir='ltr'>et</span> <span class='ocrx_word' id='word_1_88' title='bbox 836 2786 1088 2900; x_wconf 85' lang='lat' dir='ltr'>Alphefiboei‚</span> 
     </span>
     <span class='ocr_line' id='line_1_17' title="bbox 239 2923 1187 3038; baseline 0.009 -35"><span class='ocrx_word' id='word_1_89' title='bbox 239 2924 450 3004; x_wconf 85' lang='lat' dir='ltr'><strong>Immemor</strong></span> <span class='ocrx_word' id='word_1_90' title='bbox 470 2923 672 3006; x_wconf 84' lang='lat' dir='ltr'>herbarum</span> <span class='ocrx_word' id='word_1_91' title='bbox 692 2951 787 3032; x_wconf 89' lang='lat' dir='ltr'>quos</span> <span class='ocrx_word' id='word_1_92' title='bbox 799 2925 853 3006; x_wconf 89' lang='lat' dir='ltr'>est</span> <span class='ocrx_word' id='word_1_93' title='bbox 870 2928 1003 3008; x_wconf 86' lang='lat' dir='ltr'>mirata</span> <span class='ocrx_word' id='word_1_94' title='bbox 1014 2930 1187 3038; x_wconf 86' lang='lat' dir='ltr'>juvenca,</span> 
     </span>
     <span class='ocr_line' id='line_1_18' title="bbox 120 3060 1062 3173; baseline 0.008 -36"><span class='ocrx_word' id='word_1_95' title='bbox 120 3060 308 3144; x_wconf 78' lang='lat' dir='ltr'>Certantes</span> <span class='ocrx_word' id='word_1_96' title='bbox 321 3090 486 3173; x_wconf 90' lang='lat' dir='ltr'>quorum</span> <span class='ocrx_word' id='word_1_97' title='bbox 499 3061 724 3171; x_wconf 59' lang='lat' dir='ltr'>stupefactae</span> <span class='ocrx_word' id='word_1_98' title='bbox 740 3063 903 3142; x_wconf 84' lang='lat' dir='ltr'>carmine</span> <span class='ocrx_word' id='word_1_99' title='bbox 923 3064 1062 3171; x_wconf 85' lang='lat' dir='ltr'>lynces,</span> 
     </span>
     <span class='ocr_line' id='line_1_19' title="bbox 41 3197 995 3309; baseline 0 -29"><span class='ocrx_word' id='word_1_100' title='bbox 41 3230 44 3235; x_wconf 66' lang='grc'><em>’</em></span> <span class='ocrx_word' id='word_1_101' title='bbox 120 3197 173 3280; x_wconf 88' lang='lat' dir='ltr'>Et</span> <span class='ocrx_word' id='word_1_102' title='bbox 185 3219 327 3283; x_wconf 81' lang='lat' dir='ltr'>mutata</span> <span class='ocrx_word' id='word_1_103' title='bbox 341 3203 425 3285; x_wconf 88' lang='lat' dir='ltr'>suos</span> <span class='ocrx_word' id='word_1_104' title='bbox 441 3199 656 3309; x_wconf 88' lang='lat' dir='ltr'>requiemnt</span> <span class='ocrx_word' id='word_1_105' title='bbox 671 3197 829 3276; x_wconf 86' lang='lat' dir='ltr'>flumina</span> <span class='ocrx_word' id='word_1_106' title='bbox 846 3199 995 3280; x_wconf 87' lang='lat' dir='ltr'>cursus:</span> 
     </span>
    </p>
   </div>
   <div class='ocr_carea' id='block_1_6' title="bbox 12 3335 1188 4398">
    <p class='ocr_par' dir='ltr' id='par_1_14' title="bbox 120 3335 1187 3593">
     <span class='ocr_line' id='line_1_20' title="bbox 121 3335 1187 3453; baseline 0.001 -35"><span class='ocrx_word' id='word_1_107' title='bbox 121 3337 307 3424; x_wconf 88' lang='lat' dir='ltr'>Damonis</span> <span class='ocrx_word' id='word_1_108' title='bbox 325 3339 481 3423; x_wconf 86' lang='lat' dir='ltr'>Musam</span> <span class='ocrx_word' id='word_1_109' title='bbox 497 3339 667 3420; x_wconf 87' lang='lat' dir='ltr'>dicemus</span> <span class='ocrx_word' id='word_1_110' title='bbox 686 3353 724 3418; x_wconf 87' lang='lat' dir='ltr'>et</span> <span class='ocrx_word' id='word_1_111' title='bbox 741 3335 995 3447; x_wconf 86' lang='lat' dir='ltr'>Alphefiboei.</span> <span class='ocrx_word' id='word_1_112' title='bbox 1161 3368 1187 3453; x_wconf 72' lang='grc' dir='ltr'><em>ς</em></span> 
     </span>
     <span class='ocr_line' id='line_1_21' title="bbox 120 3479 1083 3593; baseline 0.003 -33"><span class='ocrx_word' id='word_1_113' title='bbox 120 3481 186 3563; x_wconf 91' lang='lat' dir='ltr'>Tu</span> <span class='ocrx_word' id='word_1_114' title='bbox 204 3483 316 3583; x_wconf 89' lang='lat' dir='ltr'>mihi,</span> <span class='ocrx_word' id='word_1_115' title='bbox 334 3483 398 3565; x_wconf 88' lang='lat' dir='ltr'>seu</span> <span class='ocrx_word' id='word_1_116' title='bbox 414 3483 542 3593; x_wconf 80' lang='lat' dir='ltr'>magni</span> <span class='ocrx_word' id='word_1_117' title='bbox 558 3480 793 3592; x_wconf 86' lang='lat' dir='ltr'>superasjam</span> <span class='ocrx_word' id='word_1_118' title='bbox 806 3479 890 3563; x_wconf 84' lang='lat' dir='ltr'>saxa</span> <span class='ocrx_word' id='word_1_119' title='bbox 904 3480 1083 3564; x_wconf 89' lang='lat' dir='ltr'>Timavi:</span> 
     </span>
    </p>

    <p class='ocr_par' dir='ltr' id='par_1_15' title="bbox 120 3620 1153 3732">
     <span class='ocr_line' id='line_1_22' title="bbox 120 3620 1153 3732; baseline 0.004 -33"><span class='ocrx_word' id='word_1_120' title='bbox 120 3621 204 3703; x_wconf 86' lang='lat' dir='ltr'>Sive</span> <span class='ocrx_word' id='word_1_121' title='bbox 221 3650 329 3706; x_wconf 89' lang='lat' dir='ltr'>oram</span> <span class='ocrx_word' id='word_1_122' title='bbox 346 3621 486 3732; x_wconf 87' lang='lat' dir='ltr'>Illyrici</span> <span class='ocrx_word' id='word_1_123' title='bbox 502 3620 594 3728; x_wconf 86' lang='lat' dir='ltr'>legis</span> <span class='ocrx_word' id='word_1_124' title='bbox 612 3621 806 3728; x_wconf 83' lang='lat' dir='ltr'>aequoris:</span> <span class='ocrx_word' id='word_1_125' title='bbox 833 3649 881 3702; x_wconf 88' lang='lat' dir='ltr'>en</span> <span class='ocrx_word' id='word_1_126' title='bbox 897 3621 967 3701; x_wconf 85' lang='lat' dir='ltr'>erit</span> <span class='ocrx_word' id='word_1_127' title='bbox 984 3647 1153 3730; x_wconf 83' lang='lat' dir='ltr'>unquam</span> 
     </span>
    </p>

    <p class='ocr_par' dir='ltr' id='par_1_16' title="bbox 12 3757 983 3861">
     <span class='ocr_line' id='line_1_23' title="bbox 12 3757 983 3861; baseline 0.002 -21"><span class='ocrx_word' id='word_1_128' title='bbox 12 3764 16 3769; x_wconf 84' lang='grc'><strong>’</strong></span> <span class='ocrx_word' id='word_1_129' title='bbox 117 3757 983 3861; x_wconf 64' lang='grc' dir='ltr'>ΙΠεάἰεε,ωὓιὶειιω1ὶεεαῑῑιιαάἱεετοήἂαέ</span> 
     </span>
    </p>

    <p class='ocr_par' dir='ltr' id='par_1_17' title="bbox 117 3898 1054 4011">
     <span class='ocr_line' id='line_1_24' title="bbox 117 3898 1054 4011; baseline 0 -30"><span class='ocrx_word' id='word_1_130' title='bbox 117 3898 181 3981; x_wconf 85' lang='lat' dir='ltr'>En</span> <span class='ocrx_word' id='word_1_131' title='bbox 201 3901 282 4000; x_wconf 86' lang='lat' dir='ltr'>erit,</span> <span class='ocrx_word' id='word_1_132' title='bbox 296 3919 340 3982; x_wconf 91' lang='lat' dir='ltr'>ut</span> <span class='ocrx_word' id='word_1_133' title='bbox 355 3903 464 3984; x_wconf 88' lang='lat' dir='ltr'>liceat</span> <span class='ocrx_word' id='word_1_134' title='bbox 475 3918 599 3983; x_wconf 88' lang='lat' dir='ltr'>totum</span> <span class='ocrx_word' id='word_1_135' title='bbox 611 3899 714 3980; x_wconf 89' lang='lat' dir='ltr'>mihi</span> <span class='ocrx_word' id='word_1_136' title='bbox 726 3899 821 3982; x_wconf 87' lang='lat' dir='ltr'>ferre</span> <span class='ocrx_word' id='word_1_137' title='bbox 838 3928 904 4011; x_wconf 85' lang='lat' dir='ltr'>per</span> <span class='ocrx_word' id='word_1_138' title='bbox 922 3899 1054 3982; x_wconf 87' lang='lat' dir='ltr'>orbem</span> 
     </span>
    </p>

    <p class='ocr_par' dir='ltr' id='par_1_18' title="bbox 103 4037 1188 4398">
     <span class='ocr_line' id='line_1_25' title="bbox 118 4037 1185 4150; baseline 0.007 -32"><span class='ocrx_word' id='word_1_139' title='bbox 118 4037 206 4122; x_wconf 83' lang='lat' dir='ltr'><strong>Sola</strong></span> <span class='ocrx_word' id='word_1_140' title='bbox 220 4039 430 4150; x_wconf 89' lang='lat' dir='ltr'><strong>Sophocleo</strong></span> <span class='ocrx_word' id='word_1_141' title='bbox 445 4058 510 4122; x_wconf 76' lang='lat' dir='ltr'>tue</span> <span class='ocrx_word' id='word_1_142' title='bbox 521 4040 686 4123; x_wconf 86' lang='lat' dir='ltr'>carmina</span> <span class='ocrx_word' id='word_1_143' title='bbox 703 4038 815 4148; x_wconf 83' lang='lat' dir='ltr'>digna</span> <span class='ocrx_word' id='word_1_144' title='bbox 833 4038 1019 4122; x_wconf 87' lang='lat' dir='ltr'>cothurno</span> <span class='ocrx_word' id='word_1_145' title='bbox 1034 4041 1044 4122; x_wconf 85' lang='lat'>1</span> <span class='ocrx_word' id='word_1_146' title='bbox 1133 4067 1185 4125; x_wconf 77' lang='grc' dir='ltr'>ιο</span> 
     </span>
     <span class='ocr_line' id='line_1_26' title="bbox 103 4179 1031 4299; baseline 0.001 -37"><span class='ocrx_word' id='word_1_147' title='bbox 103 4179 159 4262; x_wconf 77' lang='grc' dir='ltr'>Ἀ</span> <span class='ocrx_word' id='word_1_148' title='bbox 174 4199 213 4263; x_wconf 84' lang='lat' dir='ltr'>te</span> <span class='ocrx_word' id='word_1_149' title='bbox 231 4179 482 4294; x_wconf 81' lang='lat' dir='ltr'>principium.;</span> <span class='ocrx_word' id='word_1_150' title='bbox 510 4179 756 4299; x_wconf 70' lang='lat' dir='ltr'>tibidesrnets</span> <span class='ocrx_word' id='word_1_151' title='bbox 785 4180 915 4291; x_wconf 84' lang='lat' dir='ltr'>accipe</span> <span class='ocrx_word' id='word_1_152' title='bbox 926 4180 1031 4289; x_wconf 81' lang='lat' dir='ltr'>juffis</span> 
     </span>
     <span class='ocr_line' id='line_1_27' title="bbox 114 4312 1188 4398; baseline -0.001 -1"><span class='ocrx_word' id='word_1_153' title='bbox 114 4336 117 4341; x_wconf 75' lang='grc'><em>’</em></span> <span class='ocrx_word' id='word_1_154' title='bbox 1011 4312 1188 4398; x_wconf 69' lang='lat' dir='ltr'>carmina</span> 
     </span>
    </p>
   </div>
   <div class='ocr_carea' id='block_1_7' title="bbox 0 0 1478 5078">
    <p class='ocr_par' dir='ltr' id='par_1_19' title="bbox 0 0 1478 5078">
     <span class='ocr_line' id='line_1_28' title="bbox 0 0 1478 5078; baseline 0 0"><span class='ocrx_word' id='word_1_155' title='bbox 0 0 1478 5078; x_wconf 95' lang='lat' dir='ltr'> </span> 
     </span>
    </p>
   </div>
  </div>
 </body>
</html>
