2948 5078
349 301 719 395 Gaondren'.
768 285 967 397 Lrusss
1138 303 1222 436 39'

135 493 358 605 Ignarosque
377 493 457 573 viae
471 514 626 574 mecum
639 490 830 572 miseratus
849 488 1009 599 agrestes
1140 525 1169 604 4
1179 525 1195 580 t

135 632 342 741 Ingredere,
364 649 401 711 ct
422 633 515 714 votis
533 634 616 742 jan'r
631 643 732 712 nunc
749 629 905 711 assuesce
918 631 1054 715 vocari.
1191 688 1194 694 ·

194 771 292 852 Vere
304 799 414 874 novo,
429 773 571 881 gelidus
591 774 796 853 caniacum
814 773 1009 853 mosidbus
1022 770 1164 854 humor

132 907 316 1015 Liquitur,
336 928 372 990 et
391 909 570 1020 Zephyro
583 910 700 1020 putris
715 909 751 990 se
764 907 876 1018 gleba
892 909 1061 1007 resolvit,

133 1049 311 1159 Depreslo
331 1050 484 1161 incipiat
501 1055 587 1161 jam
602 1069 686 1132 tum
701 1049 800 1131 mihi
819 1066 948 1131 uiuus
964 1028 1084 1132 aratro
1138 1072 1196 1162 43

131 1187 339 1297 Ingemere,
354 1207 392 1273 et
404 1190 504 1272 sulco
521 1194 663 1272 attritus
680 1189 928 1299 splendescere
943 1205 1086 1279 vomer.

131 1328 200 1410 Illa
220 1331 320 1439 seffs
331 1332 489 1414 demum
508 1334 601 1414 votis
618 1333 810 1441 respondet
826 1334 924 1412 avari

131 1472 343 1577 Agricolae,
368 1474 423 1553 bis
437 1502 532 1582 quae
546 1474 675 1571 solem,
690 1476 746 1553 bis
762 1473 905 1581 frigora·
918 1472 1043 1555 sensit:

81 1580 93 1598 ⁸
132 1608 240 1690 Illius
259 1613 463 1692 immensae
480 1628 659 1722 ruperunt
678 1610 809 1691 horrea
825 1612 965 1697 messes.
1051 1665 1056 1669 -

130 1748 184 1826 At
196 1748 298 1856 prius
312 1749 483 1856 ignotum
496 1748 595 1829 serro
613 1776 730 1858 quam
745 1746 944 1829 scindimus
961 1768 1113 1858 aequor,
1138 1776 1194 1864 go

129 1886 282 1986 Ventos,
302 1907 339 1969 et
356 1891 502 1968 varium
520 1888 615 1970 coeli
636 1888 858 1998 praediscere
875 1915 1024 1969 morem

128 2026 227 2106 Cura
240 2028 295 2124 fit,
314 2054 358 2108 ac
369 2028 506 2137 patrios
518 2027 710 2136 cultusque
727 2025 947 2136 habitusque
965 2026 1163 2111 locorum-t

128 2166 179 2246 Et
192 2169 284 2276 quid
295 2197 463 2278 quaeque
476 2170 690 2278 feratregio,
704 2185 741 2250 et
752 2168 844 2278 quid
855 2196 1026 2280 quaeque
1038 2170 1190 2253 recuset.
1313 2200 1316 2205 ·

130 2305 207 2388 Hic
224 2309 373 2416 segetes,
390 2310 466 2390 illic
483 2312 636 2392 veniunt
651 2310 796 2391 felicius
814 2338 927 2391 uvaet

126 2448 285 2530 Arborei
300 2446 419 2531 foetus
434 2451 533 2553 alibi,
553 2470 664 2562 atque
685 2451 813 2561 injussa
834 2452 1016 2534 virescunt
1135 2481 1158 2564 5
1164 2481 1190 2566 ς

126 2585 317 2674 Gramina.
349 2620 474 2674 nonne
492 2592 606 2688 vides,
623 2618 774 2671 croceos
792 2608 834 2669 ut
848 2592 1012 2671 Tmolus
1028 2593 1171 2688 odores,

124 2730 231 2810 India
244 2732 361 2811 mittit
372 2735 476 2830 ebur,
496 2732 627 2812 molles
645 2732 708 2811 sua
724 2748 806 2809 tura
819 2729 976 2817 Sabaei?

124 2871 178 2947 At
193 2867 378 2981 Chalybes
394 2874 486 2954 nudi
502 2874 656 2965 ferrum,
670 2870 858 2978 virosaque
869 2870 1008 2953 Pontus
1165 2919 1168 2925 ·

123 2989 307 3111 Castorea,
324 3014 501 3091 Eliadum
515 3010 656 3121 palmas
674 3011 811 3119 Epirus
830 3017 1039 3116 equarum?

124 3149 313 3229 Continuo
331 3147 396 3228 has
409 3149 507 3256 leges
523 3164 742 3254 aeternaque
764 3145 913 3225 foedera
932 3147 1039 3225 certis
1131 3149 1188 3232 60

122 3287 302 3397 Imposuit
320 3305 448 3368 natura
467 3286 581 3383 locis,
607 3312 684 3392 quo
697 3303 865 3393 tempore
883 3285 1053 3393 primum

120 3428 330 3510 Deucalion
351 3456 513 3510 vacuum
531 3427 670 3537 lapides
684 3426 833 3535 jactavit
854 3428 892 3506 in
910 3425 1067 3510 orbem:

120 3565 234 3646 Unde
251 3564 423 3648 homines
440 3567 529 3663 nati,
550 3566 689 3646 durum
706 3591 834 3672 genus.
866 3592 956 3673 ergo
971 3591 1053 3672 age,
1073 3581 1190 3645 terrae

120 3703 264 3812 Pingue
282 3706 403 3787 solum
421 3707 551 3817 primis
567 3705 757 3814 extemplo
772 3732 795 3783 a
812 3704 997 3783 menfibus
1013 3705 1101 3784 anni

121 3842 249 3922 Fortes
266 3844 446 3927 invertant
460 3843 578 3942 tauri,
608 3841 804 3952 glebasque
817 3841 980 3948 jacentes
1130 3844 1155 3923 6
1162 3867 1187 3954 ς

118 3977 381 4066 Pulverulenta
398 4000 535 4093 coquat
554 3981 708 4065 maturis
724 3978 861 4062 solibus
882 3979 1006 4064 aestas.

118 4115 219 4204 Atfi
243 4144 321 4200 non
338 4118 451 4203 suerit
466 4120 575 4203 ullus
590 4120 789 4225 foecunda,
805 4119 872 4201 sub
886 4119 1009 4230 ipsum

610 4257 650 4338 D
681 4289 710 4366 4
986 4255 1193 4333 Arcturum
