2948 5078
267 410 273 417 ·
339 366 681 463 Buconica,
725 369 871 463 an.
907 361 967 463 X.
1120 393 1185 496 335

122 567 601 681 Tuproeulapmiapec
618 563 1116 672 fitmihicrodere)tanmm
1158 599 1160 603 ’
1200 616 1202 621 -

120 712 288 822 Alpinas,
303 709 466 814 abdura,
484 713 600 810 ubres,
610 729 650 794 et
662 711 799 819 frigora
812 709 942 792 Rheni

118 834 190 932 Me
206 852 282 933 fine
295 851 370 932 sola
384 853 496 937 vides.
528 852 592 952 ab,
606 871 643 933 te
658 880 706 932 ne
717 849 857 959 frigora
874 850 1045 934 laedant!
1195 952 1200 960 1

116 991 269 1084 Αὴιάὺί
291 1009 494 1075 ueterem
511 993 646 1102 glacies
662 991 758 1073 secet
775 992 901 1100 aspera
916 988 1079 1102 plantas!
1188 1084 1191 1089 ,

115 1130 198 1230 Ibo,
213 1150 251 1211 et
266 1128 488 1213 Chalcidico
505 1159 602 1241 quae
625 1133 709 1212 sunt
721 1129 820 1211 mihi
834 1132 985 1213 condita
1000 1128 1106 1223 versu
1122 1148 1179 1239 50

113 1269 292 1352 erumna
307 1269 462 1380 pastoris
479 1271 594 1352 Sindi
610 1271 831 1353 modulabor
844 1294 971 1356 avena.

113 1410 273 1489 Certum
285 1407 339 1489 est
351 1408 522 1517 insylvis,
539 1412 634 1491 inter
650 1409 791 1519 spelaea
800 1410 979 1506 serarum,

114 1545 238 1627 Malle
253 1548 345 1656 pati,
359 1549 564 1657 tenerisque
577 1577 682 1629 meos
698 1549 859 1629 incidere
871 1576 1016 1632 amores

114 1685 348 1766 Arboribus:
380 1685 541 1767 crescent
557 1685 665 1767 illae:
698 1687 861 1767 crescetis
877 1716 1033 1770 amores.

111 1826 256 1906 Interea
274 1825 402 1905 mixtis
415 1824 575 1937 lustrabo
586 1825 762 1907 Maenala
779 1826 986 1937 Nymphis,
1119 1850 1143 1936 ς
1150 1831 1175 1934 ’ς’
1296 1906 1299 1913 .

110 1966 190 2046 Aut
207 1990 307 2047 acres
320 1965 612 2083 venaborppros.
645 1995 722 2045 non
739 1993 803 2046 me
816 1966 892 2046 ulla
903 1968 1078 2048 vetabunt

110 2103 264 2211 Frigora
276 2100 492 2211 Parthenios
509 2105 662 2185 canibus
679 2105 892 2185 circundare
907 2105 1028 2188 saims.
1155 2148 1167 2222 -3
1187 2170 1190 2175 .

111 2242 200 2347 Jam
217 2238 315 2320 mihi
335 2255 401 2348 p‘er
413 2270 522 2352 rupes
536 2242 661 2322 videor
674 2242 849 2354 lucosque
861 2243 1028 2329 sonantes
1175 2302 1180 2307 -

110 2382 195 2462 Ire:
228 2379 318 2461 libet
331 2379 469 2491 Partho
488 2402 657 2492 torquere
671 2385 840 2493 Cydonia
858 2411 976 2466 cornu
1112 2357 1130 2495 '-
1176 2445 1193 2485 J

110 2522 257 2632 Spicula
272 2553 303 2603 ι.
326 2500 507 2631 &nquam
531 2523 625 2610 haec
650 2524 720 2609 tm
749 2525 864 2646 nostri
891 2521 1080 2611 nenena
1108 2522 1190 2610 fua

271 2660 393 2760 proris,
760 2768 763 2774 ¹
1117 2663 1176 2744 bo

109 2801 191 2881 Aut
206 2799 298 2881 deus
314 2799 376 2880 ille
394 2799 502 2899 malis
525 2798 728 2883 hominum
746 2800 934 2908 mitescere
958 2798 1082 2883 discat.

109 2939 199 3046 Jam
229 2966 350 3049 neque
386 2938 681 3056 Hamadryades
703 2941 864 3041 rursum,
904 2969 974 3025 nec
1012 2937 1177 3021 carmina

293 3080 401 3163 nobis
622 3052 625 3057 .
735 3053 739 3063 ¹
939 3055 945 3061 ⁵

108 3221 190 3330 Ipsa
203 3220 352 3332 placent
367 3244 377 3294 ι
405 3217 502 3327 ipsae
520 3215 666 3295 rursum
683 3216 874 3295 concedite
899 3214 1034 3323 sylvae.

108 3361 201 3465 Non
221 3358 462 3442 illumnostri
479 3356 626 3467 possunt
651 3372 794 3437 mutare
820 3355 989 3455 labores;

107 3500 241 3581 Necfi
268 3499 466 3609 frigoribus
490 3499 622 3579 mediis
640 3496 891 3606 Hebrumque
908 3498 1095 3596 bibamus,
1116 3501 1140 3582 6
1147 3524 1172 3612 ς

109 3637 365 3749 Sithoniasque
391 3640 492 3720 nives
515 3637 662 3746 hyemis
681 3637 876 3718 subeamus
901 3635 1083 3747 aquosae:

108 3776 196 3856 Nec
209 3779 248 3874 fi,
269 3808 360 3861 cum
377 3779 539 3860 moriens
560 3776 633 3858 alta
648 3776 828 3860 liberaret
841 3780 881 3858 in
898 3778 1019 3874 ulmo,

109 3913 347 4026 Aethiopum
369 3917 555 3997 versemus
570 3943 657 3998 oves
679 3917 746 3997 sub
773 3917 887 3999 srdere
907 3915 1056 4001 Cancri.

109 4054 254 4138 Omnia
266 4056 381 4139 vincit
396 4083 522 4158 amon
549 4073 587 4138 et
599 4084 668 4142 nos
685 4055 862 4140 cedamus
881 4057 1016 4142 amori.

617 4331 714 4448 Da
1077 4330 1188 4414 Haec
