2948 5078
273 343 377 448 ψ
499 306 863 410 Pinu'Gttu
899 309 1173 418 Mauortis

265 509 475 598 includunt
492 533 604 589 caeco
617 505 733 605 lateri,
746 506 968 620 penitusque
987 539 1160 595 cavernas

252 653 440 765 ¹Ingerttet
454 664 680 759 uterumque
693 664 840 749 umato
858 648 1200 760 militccomplent,
1236 753 1240 761 ι
1285 683 1343 741 20

267 792 336 877 Est
347 791 388 872 in
399 789 600 902 conspeetu
615 788 804 883 Tenedos,
819 788 1005 868 notiffima
1018 787 1122 871 fama

263 933 405 1046 Mula,
415 934 517 1021 diues
527 941 660 1043 opum,
674 929 816 1043 Priaml
821 929 929 1021 dum
946 959 1059 1040 regna
1069 935 1270 1025 mutabant
1282 946 1312 1039 ‚'

266 1066 388 1161 Nunc
404 1088 552 1156 tantum
562 1071 672 1169 unus,
684 1085 722 1148 et
738 1067 845 1148 statio
857 1069 1049 1151 malefida
1068 1075 1221 1159 carinis:
1254 1102 1256 1108 ⁸

268 1217 363 1298 Huc
378 1214 414 1296 se
428 1212 594 1327 provecti
604 1208 748 1328 deserto
762 1208 802 1289 in
820 1208 927 1292 litore
947 1210 1126 1299 condunt.

269 1356 356 1439 Nos
372 1351 496 1433 abiiffe
514 1350 597 1448 rati,
616 1369 655 1430 et
673 1367 785 1431 vento
797 1349 938 1459 petiisse
949 1352 1148 1461 Mycenas.
1284 1383 1308 1442 2
1316 1385 1342 1470 5

267 1495 373 1607 Ergo
386 1492 511 1579 omnis
532 1491 648 1609 longo
670 1489 776 1572 solvit
788 1489 826 1571 se
839 1491 1003 1575 Teucria
1020 1491 1153 1578 latu:

146 1732 158 1757 Ι,
266 1612 489 1722 Panduntur
506 1653 656 1747 portae:
678 1635 784 1743 juvat
802 1633 869 1729 ire,
887 1651 925 1714 et
943 1636 1084 1723 Dorica
1097 1634 1225 1736 castra,

145 1889 151 1895 .
270 1777 519 1887 Desertosque
532 1777 655 1859 videre
676 1774 791 1874 locos,
813 1774 972 1885 litusque
985 1776 1170 1861 relietum.

270 1892 352 2002 Hic
362 1916 561 2028 Dolopum
571 1943 720 2013 manus,
740 1915 805 1999 hic
819 1916 944 1999 saevus
958 1919 1132 2001 tendebat
1149 1919 1319 2005 Achilles
1329 1966 1345 2028 ς

270 2031 453 2143 Claffibus
475 2054 540 2143 hic
565 2056 696 2156 locus;
725 2055 788 2140 laic
809 2059 904 2140 acies
916 2076 1054 2141 certare
1066 2059 1249 2169 solebant.
1283 2094 1341 2174 30

263 2201 359 2314 ,Pars
373 2198 495 2309 stupet
507 2198 684 2311 innuptae
702 2197 848 2287 donum
869 2198 1016 2283 exitiale
1036 2172 1250 2301 Minervae,

104 2401 109 2409 -
265 2309 479 2425 Etmolem
487 2338 670 2434 durantur
687 2338 799 2447 equit
828 2339 1045 2448 primusque
1059 2339 1294 2449 Thymoetes

268 2454 630 2596 Duciintrauuuos
643 2478 825 2581 hortatur,
843 2501 881 2562 et
900 2509 983 2563 arce
1002 2481 1139 2579 locari;

260 2588 356 2737 kSiue
368 2620 471 2718 dolo,
492 2620 554 2700 seu
559 2620 641 2726 jam
651 2620 788 2726 Trojae
806 2620 855 2700 fic
866 2621 939 2701 fata
950 2621 1127 2701 ferebant.

270 2764 327 2840 At
340 2762 476 2875 Capys,
492 2776 528 2838 et
546 2786 712 2866 quorum
730 2757 863 2837 melior
875 2759 1049 2839 sententia
1068 2761 1200 2856 menti,
1287 2791 1342 2875 35

270 2903 354 2981 Aut
373 2897 506 3008 pelago
524 2900 702 2978 Danaum
718 2898 861 2980 infidias
877 2899 1113 3009 suspedtaque
1132 2900 1242 2996 dona,

271 3012 515 3150 Praecipitare
521 3040 667 3147 jubent,
684 3040 925 3149 subjedtisque
944 3069 1049 3120 urere
1065 3039 1251 3138 flammis;

272 3184 355 3264 Aut
373 3180 554 3263 terebrare
573 3207 678 3261 cavas
696 3181 790 3260 uteri
804 3199 841 3260 et
860 3197 997 3260 tentare
1013 3179 1178 3264 latebras.

273 3321 459 3400 Scinditur
473 3321 658 3398 incertum
676 3319 795 3398 studia
809 3319 848 3398 in
864 3319 1042 3399 contraria
1060 3319 1205 3428 vulgus,

271 3463 421 3545 Primus
433 3460 484 3537 ibi
493 3477 576 3537 ante
595 3488 738 3556 omnes,
760 3488 895 3569 magna
907 3462 1106 3541 comitante
1119 3479 1276 3557 caterva,
1287 3489 1345 3570 4⁰

273 3607 453 3686 Laocoon
467 3600 598 3681 ardens
612 3603 760 3684 summa
771 3602 931 3684 decurrit
948 3604 1104 3684 abarce.

259 3746 324 3826 ¹Et
335 3743 480 3852 procul,
501 3746 538 3824 O
558 3745 692 3842 miseri,
714 3772 808 3852 quae
821 3763 921 3825 tanta
934 3743 1082 3841 ursonio,
1103 3743 1222 3826 cives?

261 3869 433 3962 ‘Creditis
446 3889 590 3965 avectos
608 3884 758 3966 hostes?
777 3903 840 3963 aut
856 3884 931 3965 ulla
949 3886 1085 3996 putatis

272 4028 387 4138 Dona
400 4052 520 4106 carere
534 4026 628 4106 dolis
640 4027 844 4111 Danaum?
863 4028 912 4110 fic
924 4048 1034 4112 notus
1047 4027 1223 4140 Ulyffes?

271 4169 352 4253 Aut
363 4165 437 4250 hoc
456 4165 586 4252 inclufi
599 4166 702 4279 ligno
719 4168 953 4255 occultantur
968 4168 1128 4277 Achivi,
1204 4280 1207 4285 .
1284 4195 1314 4275 4
1309 4195 1345 4287 5

326 4348 329 4353 ’
1263 4313 1346 4391 Aut
