2948 5078
288 419 329 515 4
483 380 535 482 Ρ.
565 354 1148 485 VrrcrrrrMa'aours

287 582 410 672 Mra.
442 587 498 673 At
516 588 585 675 nos
603 588 695 674 hinc
707 589 770 673 alii
787 582 944 672 fitientes
960 588 1100 701 ibimus
1114 587 1252 672 Afros:
1296 595 1322 676 6
1330 618 1356 704 5

150 780 154 789 .
267 708 378 808 'Pars
390 727 595 839 scythim,
604 750 643 814 et
653 722 830 845 rapidum
843 732 976 813 Cretae
988 730 1181 813 veniemus
1193 730 1359 827 Oaxem,

286 863 341 946 Et
359 869 506 976 penitus
524 887 605 952 toto
617 868 751 979 divisos
767 848 858 950 orbe
874 868 1081 950 Britannos.

241 1024 245 1031 '
285 1004 363 1105 En,
377 998 548 1122 unquam
567 1010 703 1123 patrios
721 1006 835 1119 longo
850 1006 932 1119 post
945 1026 1116 1118 tempore
1134 1004 1240 1106 fines,

283 1147 462 1261 Pauperis
477 1138 524 1234 ¹et
539 1150 665 1261 tuguri
681 1147 903 1261 congestum
918 1147 1051 1260 cespite
1072 1147 1240 1249 culmen,

284 1287 377 1367 Post
390 1289 544 1399 aliquot,
562 1318 648 1370 mea
664 1287 935 1398 regna,.videns
951 1287 1117 1368 mirabor
1129 1287 1279 1371 aristas?
1299 1315 1357 1403 70

264 1424 433 1537 “Impius
445 1424 538 1507 haec
554 1445 633 1508 tam
645 1425 746 1509 ¹culta
762 1425 907 1507 novalia
923 1427 1031 1507 miles
1048 1424 1225 1510 habebit?

286 1567 469 1651 Barbarus
488 1565 554 1650 has
569 1569 734 1681 segetes?
766 1570 841 1666 En,
863 1597 941 1677 quo
958 1568 1138 1650 discordia
1157 1536 1257 1650 civ'es

285 1708 471 1791 Produxit
485 1710 636 1791 miseros
651 1712 660 1792 l
675 1709 676 1713 ‘
693 1739 753 1807 en,
772 1712 877 1818 queis
892 1709 1125 1794 consevimus
1138 1713 1267 1821 agros!

286 1850 410 1930 Insere
422 1877 522 1930 nunc
540 1849 732 1929 Meliboee
744 1876 879 1958 pyros,
895 1877 994 1957 pone
1006 1849 1136 1931 ordine
1153 1852 1268 1933 vites:

286 1990 346 2071 Ite
360 2017 479 2087 meae,
496 1963 691 2098 quondam
709 1986 801 2068 felix
821 1994 958 2098 p'ecus:
990 1987 1040 2068 ite
1054 1986 1229 2099 capellae.
1299 2017 1359 2106 75

287 2132 383 2214 Non
400 2158 472 2239 ego
488 2156 554 2210 vos
574 2126 740 2241 posthac,
760 2127 868 2208 viridi
885 2126 1069 2239 projedtus
1086 2126 1126 2208 in
1142 2145 1261 2228 antro,

286 2268 458 2352 Dumosa
482 2266 644 2379 pendere
664 2264 795 2387 procul
813 2266 860 2347 de
879 2293 971 2376 rupe
989 2266 1138 2352 videbo.

286 2408 466 2489 Carmina
486 2400 588 2490 nulla
604 2435 761 2488 canam:
793 2434 883 2505 non,
901 2432 966 2486 me
978 2402 1161 2515 pascente,
1171 2384 1346 2516 capellae,

286 2548 504 2631 Florentem
522 2548 696 2660 cytisum,
711 2563 750 2629 et
767 2545 890 2627 salices
908 2546 1063 2654 carpetis
1082 2544 1234 2645 amaras.

286 2690 490 2775 T1T.Hic
499 2688 705 2772 tamenhac
713 2690 866 2769 mecum
874 2686 1359 2797 poterisrequiescerenoste

275 2804 434 2911 'Fronde
453 2830 561 2940 super
583 2829 709 2914 viridi.¹
735 2828 828 2910 Sunt
841 2826 949 2907 nobis
968 2826 1075 2907 mitia
1092 2855 1218 2937 poma,
1307 2831 1363 2910 81·

283 2969 485 3054 castaneae
502 2969 647 3068 molleS,
667 2987 704 3050 et
721 2967 829 3078 prelii
848 2967 957 3076 copia
974 2967 1088 3050 lastis.

283 3114 337 3194 Et
350 3113 433 3222 jam
454 3112 601 3194 summa
618 3108 748 3223 procul
765 3106 940 3189 villarum
959 3106 1125 3188 culmina
1144 3106 1304 3206 fumant,

284 3252 523 3362 Majoresque
541 3254 681 3336 cadunt
694 3248 776 3332 altis
790 3248 838 3331 de
849 3248 1040 3331 montibus
1059 3248 1229 3331 umbrae.

531 3528 970 3624 ECLOGA
1039 3530 1104 3624 ΙΙ.

633 3700 993 3784 ALEXIS.

387 3946 591 4030 Ormosum
604 3945 728 4059 pastor
744 3944 923 4052 Corydon
940 3944 1091 4027 ardebat
1109 3945 1280 4044 Alexim,

412 4083 575 4171 Delicias
588 4083 758 4165 domini:
791 4111 861 4163 nec
874 4081 967 4192 quid
984 4082 1152 4194 speraret,
1166 4081 1340 4164 habebat,

285 4238 326 4319 T
327 4254 459 4322 autum
477 4231 571 4314 inter
587 4224 728 4326 densas,
748 4224 922 4312 umbrosa
934 4226 1145 4328 cacumina,
1163 4225 1269 4331 sagos

1200 4359 1356 4448 Affidue
