2948 5078
203 339 308 429 124
400 303 452 401 Ρ.
487 305 748 401 Vmorem
784 303 1064 420 Maronis

201 505 415 623 Impulerit.
446 525 616 590 tantaene
631 504 767 587 animis
787 507 1006 592 coelestibus
1023 513 1129 594 irae?
1230 544 1246 600 1
1253 545 1279 633 ς

261 648 366 732 Urbs
383 648 537 758 antiqua
548 647 633 745 fuit,
657 647 769 755 Tyrii
789 665 939 730 tenuere
958 649 1095 751 coloni,

128 858 133 872 .
196 786 404 900 Carthago,
439 775 748 884 Italiamstcontra
773 786 1029 900 Tiberinaque
1042 782 1154 903 longe

200 930 320 1029 Ostia,
346 930 448 1011 dives
465 957 598 1040 opum,
628 924 828 1036 studiisque
845 929 1042 1042 asperrima
1060 934 1177 1019 belli:

199 1075 449 1184 QamJuno
462 1071 580 1154 fertur
590 1069 694 1152 terris
712 1071 832 1179 magis
849 1072 1025 1154 omnibus
1041 1102 1159 1158 nrum
1239 1135 1241 1138 -

199 1211 417 1296 nomana
437 1190 587 1292 corun.
606 1211 730 1293 sano.
759 1207 823 1289 nc
838 1210 937 1291 nnus
954 1241 1070 1312 arma,
1219 1238 1282 1299 20

200 1354 283 1436 Hic
301 1379 429 1435 currus
445 1351 542 1434 fuit:
569 1349 645 1432 hoc
663 1377 824 1459 regnum
839 1351 909 1433 dea
921 1352 1094 1462 gentibus
1112 1352 1197 1453 effe,

201 1494 241 1577 Si
254 1522 331 1605 qua
344 1492 419 1575 fata
432 1493 563 1601 finam,
590 1491 673 1602 jam
690 1508 776 1574 tum
793 1491 986 1603 tenditque
1002 1493 1193 1604 fovetque.

199 1633 427 1745 Progeniem
450 1612 632 1712 sedenim
644 1614 812 1740 Trojano
827 1657 849 1710 a
866 1609 1045 1741 sanguine
1059 1632 1147 1713 duci

199 1775 397 1870 Audierat,
436 1771 571 1878 Tyrias
588 1769 682 1850 olim
697 1796 794 1878 quae
808 1787 964 1849 verteret
980 1799 1093 1853 arces.
1247 1881 1249 1885 Α

194 1883 526 2022 Hincpopulum,
546 1907 619 1988 late
636 1904 961 2021 regembelloque
980 1908 1278 2029 superbum,‚25

198 2048 417 2137 Venturum
435 2048 581 2132 excidio
600 2043 841 2156 Libyae3's1c
859 2047 1006 2129 volvere
1018 2051 1162 2135 Parcas.
1248 2158 1250 2163 Ι

198 2193 247 2275 Id
265 2187 685 2297 memenqveterisque
698 2215 848 2270 memor
867 2191 1036 2271 Saturnia
1051 2192 1155 2293 belli,
1213 2256 1236 2267 ..
1259 2252 1296 2307 ,ἱ

198 2329 328 2412 Prima
344 2326 449 2438 quod
465 2326 687 2442 adTrojam
702 2353 772 2437 pro
788 2323 909 2408 charis
923 2327 1073 2437 gefferat
1087 2330 1213 2441 Argis.
1242 2376 1254 2433 ·.

198 2471 382 2554 Necdum
402 2470 518 2551 etiam
534 2467 662 2551 caufie
680 2469 820 2551 irarum
837 2469 1005 2580 saevique
1026 2469 1171 2553 dolores
1263 2552 1274 2575 ‚⁶

197 2613 427 2695 Exciderant
447 2598 597 2695 animo.
621 2627 748 2691 manet
759 2609 833 2691 alta
846 2628 971 2691 mente
985 2611 1176 2720 repostum
1216 2641 1271 2722 30

197 2754 396 2860 Judicium
411 2754 564 2852 Paridis,
594 2752 807 2862 spretaeque
822 2754 952 2860 injuria
967 2752 1124 2852 formae,

197 2893 252 2975 Et
270 2920 386 3002 genus
400 2892 573 2990 invisum,
605 2909 642 2973 et
660 2893 752 3002 rapti
771 2892 1006 3000 Ganymedis
1026 2892 1199 2974 honoret.

198 3033 274 3114 His
292 3035 572 3144 accensa-super,
593 3035 749 3141 jactatos
763 3050 921 3141 aequore
935 3051 1016 3115 toto

198 3173 334 3271 Troas,
370 3175 555 3283 relliquias
581 3175 759 3257 Danaum
783 3191 894 3280 atque
919 3174 1076 3253 immitis
1093 3173 1272 3272 Achillei,

198 3315 362 3399 Areebat
382 3314 493 3421 longe
507 3313 643 3394 Latio:
675 3313 885 3420 multosque
899 3342 965 3422 per
978 3340 1095 3394 annos
1215 3342 1271 3424 35

198 3454 383 3535 Errabant
395 3452 466 3532 aui
481 3450 564 3532 fatis
578 3452 694 3532 maria
708 3453 836 3544 omnia
851 3452 1007 3537 circum.

197 3590 344 3673 Tantae
357 3589 468 3671 molis
482 3608 558 3671 erat
572 3592 790 3671 Romanam
808 3591 968 3672 condere
980 3607 1144 3699 gentem.
1266 3678 1268 3683 ,

260 3731 339 3810 Vix
353 3760 373 3811 e
388 3731 586 3842 conspedtu
602 3730 746 3811 Siculae
759 3730 898 3812 telluris
914 3732 953 3811 in
968 3729 1089 3809 altum

198 3867 295 3949 Vela
308 3868 446 3950 dabant
457 3871 554 3969 laeti,
582 3890 619 3950 et
632 3872 781 3980 spumas
794 3871 874 3953 salis
888 3901 969 3954 aere
983 3872 1163 3969 mebant3

195 4007 300 4087 Cum
312 4007 427 4114 Juno‚
451 4028 644 4088 aeternum
659 4007 801 4090 servans
815 4010 881 4090 sub
896 4016 1044 4122 pectore
1056 4010 1203 4112 vulnus,
1215 4037 1280 4118 4ο-

196 4148 304 4234 Haec
317 4146 468 4236 secum:
491 4148 763 4262 meneincepto
776 4150 943 4272 defistere
958 4154 1110 4255 vidam,
1258 4239 1272 4249 ,

1183 4288 1272 4373 Nee
