2948 5078
342 361 414 483 46
546 357 597 452 Ρ.
626 358 895 455 Vrnorurr
929 360 1212 466 Masonsa

340 562 379 643 Si
396 583 484 641 vero
500 560 714 672 viciamque
731 559 837 661 seres,
850 560 1040 672 vilemque
1055 565 1228 671 faselum,

336 701 424 785 Nec
444 700 654 785 Pelusiacae
669 716 800 785 curam
819 701 1055 812 aspernabere
1070 705 1205 808 lentis,

336 842 457 925 Haud
472 842 626 931 obscura
643 844 778 925 cadens
793 843 917 925 mittet
933 842 1003 925 tibi
1014 844 1118 955 signa
1134 851 1283 937 Bootes.

336 986 480 1097 Incipe,
495 1004 533 1068 et
550 983 1133 1113 admodiassementemextende
1153 992 1406 1110 pruinss.23o

335 1126 485 1209 Idcirco
491 1125 605 1209 'certis
617 1122 828 1206 dimum
840 1123 1005 1234 partibus
1020 1125 1155 1212 orbem

335 1264 409 1348 Per
424 1265 596 1348 duodena
613 1266 708 1374 regit
723 1264 858 1346 mundi
873 1261 936 1345 Sol
954 1292 1087 1351 aureus
1108 1270 1212 1379 astra.

333 1409 516 1518 Qinque
527 1425 655 1489 tenent
670 1406 821 1488 coelum
834 1432 976 1491 zonae:
996 1436 1160 1519 quarum
1167 1417 1406 1499 unacorusco

333 1556 487 1664 Semper
500 1551 576 1632 sole
592 1550 739 1650 rubens,
754 1568 792 1630 et
809 1550 947 1632 torrida
961 1550 1106 1665 semper
1117 1556 1165 1638 ab
1179 1558 1281 1668 igni:

332 1700 462 1795 Quam
476 1683 621 1775 circum
638 1712 826 1775 extremae
842 1692 971 1773 dextra
988 1691 1165 1808 laevaque
1190 1698 1399 1800 trahuntur,

221 1882 227 1891 „
331 1835 513 1916 Coerulea
528 1834 646 1943 glacie
659 1849 851 1915 concretae
871 1849 983 1939 atque
995 1830 1179 1918 imbribus
1198 1841 1294 1926 atris.
1313 1844 1405 1953 236-

329 1974 414 2057 Has
430 1974 525 2059 inter
542 1974 795 2084 mediamque,
810 1971 905 2053 duae
922 1970 1140 2057 mortalibus
1152 1978 1270 2089 aegris
1301 2008 1309 2017 ’

330 2112 495 2198 Munere
511 2114 696 2199 conceffae
708 2114 853 2196 divum.
883 2111 943 2191 via
959 2109 1055 2193 setta
1072 2141 1139 2225 per
1153 2120 1296 2216 ambas,

331 2258 520 2371 Obliquus
533 2288 608 2369 qua
621 2257 658 2340 se
676 2257 868 2369 signorum
879 2271 1035 2338 verteret
1051 2259 1156 2347 ordo.
1289 2338 1292 2343 ,
1313 2291 1336 2351 2
1342 2251 1398 2379 39'

285 2493 292 2501 ,
328 2396 501 2481 Mundus
518 2416 561 2479 ut
585 2397 635 2478 ad
651 2393 843 2507 Scythiam
871 2391 1130 2504 Riphaeasque
1145 2399 1282 2484 arduus
1298 2431 1401 2485 arces

327 2540 547 2651 Consmgit3
578 2539 759 2650 premitur
774 2536 916 2646 Libyae
935 2534 1098 2619 devexus
1115 2540 1156 2620 in
1173 2542 1325 2626 austros.

327 2681 407 2762 Hic
423 2702 549 2764 vertex
568 2664 834 2790 nobissemper
846 2678 1012 2759 sublimis
1029 2717 1041 2778 3
1059 2699 1096 2760 at
1113 2681 1223 2764 illum

277 2886 281 2893 .
327 2819 405 2899 Sub
422 2820 578 2930 pedibus
597 2822 688 2928 Styx
704 2836 781 2898 atra
797 2817 908 2914 videt,
927 2817 1125 2926 manesque
1143 2820 1334 2930 profundi.

324 2958 523 3040 Maximus
539 2956 604 3038 hic
624 2957 725 3040 flexu
737 2955 880 3039 sinuoso
895 2956 1052 3037 elabitur
1065 2960 1195 3066 anguis

325 3099 495 3202 Circum,
503 3091 740 3211 perqueduas
752 3100 791 3180 in
803 3125 951 3180 morem
959 3095 1137 3195 fluminis,
1147 3101 1295 3195 Arctos,
1309 3127 1361 3208 24
1369 3129 1393 3212 5

323 3240 471 3335 Arctos,
492 3242 634 3319 Oceani
655 3257 860 3322 metuentes
877 3264 1037 3347 aequore
1053 3239 1158 3346 tingi.
1197 3294 1199 3299 ψ

323 3375 420 3471 Illic,
440 3394 483 3455 ut
499 3374 707 3483 perhibent,
725 3394 788 3456 aut
804 3375 1022 3484 intempesta
1039 3374 1118 3454 srlet
1135 3402 1214 3456 nox

323 3514 489 3624 Semper,
508 3530 546 3594 et
565 3513 716 3595 obtenta
733 3514 929 3596 densantur
943 3517 1055 3596 notis
1072 3517 1270 3614 tenebrae,

321 3655 403 3731 Aut
421 3652 547 3732 redita
560 3652 666 3734 nobis
683 3657 842 3756 Aurora,
855 3655 1031 3763 diemque
1043 3652 1209 3735 reducit:

319 3791 476 3901 Nosque
496 3795 561 3876 ubi
581 3797 723 3906 primus
736 3798 840 3905 equis
855 3799 974 3878 oriens
988 3794 1127 3877 afflavit
1137 3793 1293 3894 anhelis,
1308 3821 1393 3908 250

320 3929 404 4012 Illic
423 3931 498 4012 sera
511 3935 646 4016 rubens
660 3938 827 4019 accendit
838 3936 980 4018 lumina
995 3937 1134 4047 vesper.

319 4067 424 4148 Hinc
437 4069 668 4179 tempestates
681 4076 797 4155 dubio
814 4074 1038 4186 praediscere
1051 4074 1159 4158 coelo

319 4207 537 4295 Possumus:
554 4207 643 4332 hinc
651 4215 844 4330 messisque
859 4216 973 4316 diem,
986 4215 1209 4326 tempusque
1223 4206 1363 4291 serendi
1377 4239 1388 4288 ε

1339 4345 1391 4428 Et
