2948 5078
255 298 322 437 8¹8
365 413 371 428 ,
457 303 798 402 P..V1soru11
834 296 1117 415 Msnonr's

251 480 442 604 Flumina,
474 525 663 619 correptos
683 507 784 590 unda
801 513 1012 617 torquentia
1027 492 1191 597 montes.
1327 560 1333 583 .-

254 643 338 759 lpse
358 644 445 745 ruit,
475 646 678 757 dentesque
692 646 892 728 Sabellicus
909 651 1060 730 exacuit
1076 651 1147 750 sus,
1244 675 1268 733 2
1277 674 1301 760 5
1307 671 1333 761 ς

18 820 22 829 ’
254 790 309 876 Et
325 785 420 902 pede
438 787 642 898 prosubigit
657 805 809 885 terram,
840 788 948 870 fricat
963 792 1093 872 arbore
1111 790 1242 888 costas,
1346 802 1349 806 ’

164 907 165 910 Ν
257 934 389 1041 Atque
406 928 496 1010 hinc
516 947 627 1038 atque
640 927 749 1010 'illinc
769 928 947 1040 humeros
965 932 1012 1011 ad
1030 932 1182 1012 vulnera
1193 929 1315 1011 durat.

258 1072 367 1174 Quid
377 1069 537 1180 juvenis,
567 1094 753 1178 magnum
767 1067 829 1148 cui
846 1069 961 1150 versat
986 1070 1027 1150 in
1044 1069 1181 1151 offibus
1206 1068 1356 1177 ignem¹
1428 1073 1434 1087 '

260 1203 393 1302 Durus
411 1216 546 1294 arnor?
577 1236 714 1318 nempe
731 1209 897 1319 abruptis
914 1210 1059 1292 turbata
1076 1207 1247 1321 procellis
1266 1237 1272 1248 ·

262 1355 392 1440 Nosse
400 1368 500 1431 natat
509 1348 724 1432 caecaserus
736 1347 978 1458 fretazquem
987 1325 1094 1461 super
1106 1349 1342 1461 ingensabo.

264 1494 378 1576 Porta
391 1484 495 1571 tonat
512 1486 622 1585 coeli,
649 1508 687 1570 et
704 1488 864 1598 scopulis
876 1489 967 1571 illisa
987 1491 1191 1583 reclamant

90 1708 92 1713 s
265 1635 480 1742 Aequores.
494 1656 564 1709 nec
582 1629 705 1711 miseri
719 1628 869 1741 possunt
888 1658 1060 1713 revocare
1079 1648 1259 1743 parentes,

265 1773 355 1859 Nec
373 1769 552 1852 moritura
567 1767 674 1876 super
691 1768 833 1849 crudeli
846 1767 979 1851 funere
998 1772 1116 1880 virgo.
1240 1810 1244 1819 ·

265 1910 373 2016 Qtid
386 1910 533 2018 Lynces
540 1903 681 1987 Bacchi
699 1907 831 2006 variae,
864 1926 902 1987 et
917 1936 1035 2016 genus
1048 1929 1133 1989 ‘acre
1145 1906 1337 2016 luporum,

267 2051 397 2159 Atque
406 2045 681 2154 canumiquid,
690 2073 786 2154 quae
797 2045 1065 2128 imbellesdant
1072 2045 1207 2156 praelia
1215 2044 1338 2126 cervi?

267 2188 416 2271 Scilicet
426 2202 511 2268 ante
518 2208 653 2271 omncs
662 2186 767 2269 furor
780 2186 834 2268 est
849 2187 999 2297 insignis
1012 2215 1216 2297 equarum:
1232 2272 1235 2277 ,
1251 2188 1337 2267 266

96 2306 99 2315 ’
267 2331 321 2419 Et
337 2347 506 2415 mentem
519 2327 649 2411 Venus
660 2327 738 2440 ipsa
749 2328 864 2426 dedit,
895 2358 974 2440 quo
991 2349 1161 2440 tempore
1172 2323 1311 2408 Glauci
1335 2370 1339 2376 ·

267 2468 466 2557 Potniades
482 2467 590 2553 malis
608 2467 780 2550 membra
796 2469 1030 2580 absumpsere
1048 2467 1261 2578 quadrigae.

268 2591 357 2699 Illas
374 2611 477 2693 ducit
490 2638 598 2691 amor
615 2628 713 2691 trans
725 2611 901 2719 Gargara,
932 2610 1102 2720 transque
1120 2609 1313 2689 sonantem

269 2750 492 2837 Ascanium:
512 2748 848 2858 superantrnontes,
862 2768 899 2830 et
907 2749 1064 2830 flumina
1074 2766 1231 2829 tranant.
1256 2773 1341 2856 270

269 2869 537 2998 Continuoque
557 2889 671 2969 avidis
692 2889 758 2971 ubi
778 2889 921 2969 subdita
936 2889 1090 2970 flamma
1107 2884 1282 2967 medullis

270 3026 371 3108 Vere
389 3026 507 3134 magis
527 3027 634 3134 (quia
654 3053 739 3110 vere
756 3024 858 3107 calor
876 3027 970 3109 redit
986 3025 1140 3131 offibus)
1160 3025 1245 3105 illae

272 3173 352 3251 Ore
369 3196 500 3250 omnes
518 3168 637 3254 versae
655 3170 694 3249 in
710 3169 934 3280 zephyrum,
966 3168 1062 3250 stant
1080 3168 1233 3279 rupibus
1253 3164 1345 3260 altis,

272 3312 557 3419 Exceptantque
574 3312 671 3392 leves
687 3340 816 3393 auras:
848 3330 886 3396 et
904 3312 1008 3420 saepe
1027 3312 1102 3395 ssne
1120 3310 1205 3396 ullis
1340 3335 1344 3344 ·

273 3451 481 3556 Conjugiis,
514 3468 624 3530 vento
642 3454 811 3559 gravidae
831 3453 1021 3561 (mirabile
1038 3451 1160 3554 disto)
1257 3476 1312 3561 27
1320 3476 1343 3557 5

276 3591 371 3669 Saxa
389 3617 454 3700 per
475 3606 512 3667 et
527 3588 695 3699 scopulos
714 3609 752 3671 et
768 3590 948 3703 depressas
965 3589 1151 3676 convalles
1203 3635 1206 3640 ·

274 3728 516 3837 Diffugiunt:
549 3760 639 3829 non,
671 3760 770 3832 eure,
801 3752 898 3830 tuos,
929 3762 1051 3841 neque
1066 3731 1149 3811 solis
1167 3725 1215 3807 ad
1232 3742 1350 3844 ortuss

275 3868 322 3950 In
338 3868 505 3966 boream,
535 3901 787 3981 cautumque,
805 3892 869 3954 aut
883 3876 981 3954 unde
995 3873 1216 3984 nigerrimus
1229 3869 1350 3953 auster

101 4041 105 4048 ·
275 4003 462 4102 Nascitur,
493 4025 530 4086 et
549 4009 678 4116 pluvio
694 4010 883 4091 contristat
901 4011 1037 4123 frigore
1051 4012 1214 4095 coelum.
1261 4037 1348 4119 279

275 4145 357 4236 Hic
370 4135 540 4250 demum,
556 4148 819 4275 Hippomanes
832 4182 920 4241 vero
934 4157 1040 4269 quod
1052 4155 1208 4253 nomine
1221 4151 1351 4242 dicuni

1171 4283 1349 4387 Pastores,
