2948 5078
351 395 692 501 {Gronoten
730 392 847 486 Lru.
876 388 961 484 111.
1139 391 1201 487 81

129 598 286 709 Semper
300 597 404 679 enim
421 593 553 677 refice:
569 620 626 692 ac,
644 622 692 675 ne
709 590 933 705 post-amiffa
949 591 1124 713 requiras,
1140 617 1201 706 70
1239 606 1241 610 ’

127 739 326 838 Antoreni,
345 753 383 817 et
399 733 567 817 sobolem
576 752 748 815 armento
759 731 886 815 sortire
897 732 1107 842 quotannis.
1206 747 1209 757 '

32 952 38 965 .
129 877 217 962 Nec
235 905 312 961 non
328 892 366 958 et
378 873 504 985 pecori
516 873 571 954 est
590 873 694 955 idem
706 871 873 954 delectus
887 871 1039 981 equino.
1095 929 1099 936 -

130 1015 199 1098 Tu
216 1018 345 1116 modo,
360 1043 455 1126 quos
472 1015 513 1095 in
528 1014 634 1124 spem
651 1013 785 1097 statues
798 1012 1012 1095 submittere
1030 1014 1164 1124 gentis,

130 1155 382 1268 Praecipuum
392 1156 474 1262 jam
488 1153 576 1234 inde
591 1180 614 1233 a
630 1153 763 1236 teneris
776 1153 954 1263 impende
970 1153 1154 1235 laborem.

129 1297 323 1381 Continuo
333 1291 476 1405 pecoris
487 1291 655 1404 -gcneroli
668 1291 791 1402 pullus
807 1293 847 1372 in
859 1294 956 1387 pryis
1139 1316 1198 1407 75

130 1436 257 1519 Altius
269 1433 485 1541 ingreditur,
503 1449 541 1513 et
559 1431 690 1512 mollia
700 1459 807 1512 crura
819 1434 987 1542 reponit,

129 1575 282 1659 Primus
294 1590 332 1654 et
349 1573 402 1654 ire
420 1573 534 1670 viun,
555 1551 593 1653 ct
610 1571 742 1653 fluvios
754 1588 892 1652 tentare
905 1574 1070 1654 minaces

132 1713 274 1811 Audet,
291 1731 330 1794 et
346 1714 478 1822 ignoto
493 1711 566 1794 sese
582 1711 817 1793 committere
836 1714 940 1822 ponti
956 1747 967 1796 e
1064 1799 1068 1807 ,

44 1898 48 1905 ·
130 1853 219 1947 Noc
235 1879 347 1953 vanos
364 1850 490 1934 horret
507 1851 688 1961 strepitus.
705 1849 760 1931 illi
781 1850 895 1933 ardua
912 1856 1053 1953 cervix,

131 1979 401 2104 Argutumque
412 2008 538 2104 eaput,
551 1990 671 2091 brevis
684 1989 801 2087 alvus,
810 1990 993 2101 obesaque
1005 2010 1129 2102 terga:
1146 1992 1205 2104 tq

130 2133 389 2242 Luxuriatque
404 2135 493 2213 toris
506 2131 718 2213 animosum
736 2133 883 2242 podius:
903 2129 1050 2215 honesti

133 2273 319 2385 Spadices,
338 2270 560 2384 glaucique;
587 2272 690 2355 color
708 2272 930 2358 deterrimus
945 2275 1050 2378 albis,

132 2414 186 2497 Et
200 2412 315 2524 gilvo.
347 2432 444 2512 tum,
465 2411 582 2524 siqua
600 2413 734 2496 sonum
752 2415 884 2525 procul
897 2445 1001 2498 arma
1019 2419 1167 2523 dedere,

118 2551 236 2644 'Stare
249 2550 335 2632 loco
352 2550 492 2649 nescit3
523 2553 639 2632 micat
657 2551 819 2647 auribus,
837 2568 874 2628 et
892 2554 1018 2631 tremit
1032 2572 1143 2651 artus,

132 2688 425 2801 Colledtuunque
439 2717 611 2799 premens
631 2688 745 2771 volvit
757 2688 825 2769 sub
833 2690 981 2792 naribus
997 2691 1136 2800 ignem.
1149 2692 1171 2779 8
1178 2720 1204 2811 ς

78 2837 81 2844 ’
134 2830 372 2936 Densajuba,
387 2847 426 2910 ct
442 2830 575 2911 dextro
586 2832 722 2938 jactata
739 2831 926 2912 recumbit
946 2833 1116 2933 inarmo.

134 2966 191 3045 At
202 2963 345 3072 duplex
361 2967 483 3072 agitur
500 2993 565 3074 per
579 2967 728 3050 lumbos
744 2971 858 3079 spina,
876 2993 1056 3080 cavatque

135 3101 349 3200 Tellurem,
363 3119 401 3181 et
418 3101 535 3184 solido
548 3109 704 3213 graviter
718 3108 820 3188 sonat
838 3109 978 3217 ungula
998 3138 1128 3194 cornu.

137 3244 245 3327 Talis
250 3241 453 3352 Amyclaei
471 3245 635 3328 domitus
648 3248 810 3330 Pollucis
828 3248 981 3332 habenis
1103 3268 1106 3273 “
1129 3334 1133 3343 ,

137 3384 323 3496 Cyllarus,
343 3402 392 3480 et,
411 3412 575 3495 quorum
592 3388 698 3471 Graii
718 3388 923 3473 meminere
945 3397 1088 3504 pottae,
1151 3418 1209 3506 90

138 3526 275 3609 Martis
293 3527 381 3634 equi
396 3525 549 3638 bijuges,
567 3549 605 3612 ct
622 3518 758 3640 magni
765 3561 895 3614 currus
916 3533 1088 3615 Achillis.

139 3665 247 3748 Talis
264 3684 302 3746 et
323 3666 399 3775 ipsc
412 3669 547 3775 jubam
565 3671 708 3751 cervice
725 3671 858 3750 effudit
875 3675 1013 3780 equina

140 3801 322 3914 ‚Conjugis
336 3809 496 3891 adventu
513 3814 645 3921 pernix
664 3814 852 3916 Saturnus,
874 3834 911 3921 et
922 3814 1049 3894 altum'

141 3944 273 4042 Pelion
290 3945 440 4029 hinnitu
460 3949 609 4060 fugiens
626 3955 797 4065 implevit
813 3972 934 4036 acuto.
1105 3985 1108 3991 ·

131 4085 262 4179 ,Hunc
279 4112 444 4195 quoque,
473 4090 540 4173 ubi
560 4111 624 4175 aut
643 4095 779 4178 morbo
800 4096 930 4204 gravis,
951 4111 1015 4195 aut
1027 4096 1111 4205 jam
1135 4091 1220 4205 seg·
1360 4159 1364 4168 ·

211 4278 250 4299 ..
326 4225 410 4308 nior
426 4231 533 4316 anuis
843 4332 847 4339 ,
1162 4263 1188 4342 9
1195 4258 1217 4343 ς

658 4377 701 4481 Q
1072 4370 1230 4474 Deficit,
