<?xml version="1.0" encoding="UTF-8"?>
<!DOCTYPE html PUBLIC "-//W3C//DTD XHTML 1.0 Transitional//EN"
    "http://www.w3.org/TR/xhtml1/DTD/xhtml1-transitional.dtd">
<html xmlns="http://www.w3.org/1999/xhtml" xml:lang="en" lang="en">
 <head>
  <title>
</title>
<meta http-equiv="Content-Type" content="text/html;charset=utf-8" />
  <meta name='ocr-system' content='tesseract 3.04.00' />
  <meta name='ocr-capabilities' content='ocr_page ocr_carea ocr_par ocr_line ocrx_word'/>
</head>
<body>
  <div class='ocr_page' id='page_1' title='image "./publiivirgiliim02schegoog_0243.png"; bbox 0 0 2948 5078; ppageno 0'>
   <div class='ocr_carea' id='block_1_1' title="bbox 217 327 1064 457">
    <p class='ocr_par' dir='ltr' id='par_1_1' title="bbox 217 327 1064 457">
     <span class='ocr_line' id='line_1_1' title="bbox 217 327 1064 457; baseline 0.014 -40"><span class='ocrx_word' id='word_1_1' title='bbox 217 364 312 457; x_wconf 80' lang='lat'>140</span> <span class='ocrx_word' id='word_1_2' title='bbox 404 329 454 420; x_wconf 89' lang='grc' dir='ltr'>Ρ.</span> <span class='ocrx_word' id='word_1_3' title='bbox 490 327 750 422; x_wconf 78' lang='lat' dir='ltr'>Vrnernrr</span> <span class='ocrx_word' id='word_1_4' title='bbox 787 328 1064 429; x_wconf 68' lang='lat' dir='ltr'>Minonis</span> 
     </span>
    </p>
   </div>
   <div class='ocr_carea' id='block_1_2' title="bbox 99 509 1295 2460">
    <p class='ocr_par' dir='ltr' id='par_1_2' title="bbox 207 509 1277 1064">
     <span class='ocr_line' id='line_1_2' title="bbox 207 509 1277 654; baseline 0.003 -40"><span class='ocrx_word' id='word_1_5' title='bbox 207 530 289 615; x_wconf 72' lang='lat' dir='ltr'>nte</span> <span class='ocrx_word' id='word_1_6' title='bbox 304 543 433 642; x_wconf 70' lang='lat' dir='ltr'>portus</span> <span class='ocrx_word' id='word_1_7' title='bbox 451 525 824 644; x_wconf 10' lang='lat' dir='ltr'>attieffodiuntzbhic</span> <span class='ocrx_word' id='word_1_8' title='bbox 844 530 916 610; x_wconf 73' lang='lat' dir='ltr'>na</span> <span class='ocrx_word' id='word_1_9' title='bbox 932 533 1083 616; x_wconf 66' lang='lat' dir='ltr'>theatris</span> <span class='ocrx_word' id='word_1_10' title='bbox 1179 509 1277 654; x_wconf 72' lang='lat'>431&#39;</span> 
     </span>
     <span class='ocr_line' id='line_1_3' title="bbox 207 666 1203 780; baseline -0.001 -26"><span class='ocrx_word' id='word_1_11' title='bbox 207 670 472 754; x_wconf 77' lang='lat' dir='ltr'>Fundamenta</span> <span class='ocrx_word' id='word_1_12' title='bbox 489 668 612 750; x_wconf 86' lang='lat' dir='ltr'>locant</span> <span class='ocrx_word' id='word_1_13' title='bbox 628 666 703 765; x_wconf 83' lang='lat' dir='ltr'>alii,</span> <span class='ocrx_word' id='word_1_14' title='bbox 735 667 989 780; x_wconf 80' lang='lat' dir='ltr'>immanesque</span> <span class='ocrx_word' id='word_1_15' title='bbox 1007 674 1203 762; x_wconf 79' lang='lat' dir='ltr'>columnas</span> 
     </span>
     <span class='ocr_line' id='line_1_4' title="bbox 207 784 1247 922; baseline 0.001 -28"><span class='ocrx_word' id='word_1_16' title='bbox 207 810 385 922; x_wconf 83' lang='lat' dir='ltr'>Rupibus</span> <span class='ocrx_word' id='word_1_17' title='bbox 400 808 590 905; x_wconf 84' lang='lat' dir='ltr'>excidunt,</span> <span class='ocrx_word' id='word_1_18' title='bbox 617 807 731 888; x_wconf 88' lang='lat' dir='ltr'>scenis</span> <span class='ocrx_word' id='word_1_19' title='bbox 748 807 882 889; x_wconf 89' lang='lat' dir='ltr'>decora</span> <span class='ocrx_word' id='word_1_20' title='bbox 899 809 971 891; x_wconf 88' lang='lat' dir='ltr'>alta</span> <span class='ocrx_word' id='word_1_21' title='bbox 983 810 1130 899; x_wconf 87' lang='lat' dir='ltr'>futuris.</span> <span class='ocrx_word' id='word_1_22' title='bbox 1245 784 1247 791; x_wconf 23' lang='grc' dir='ltr'>Ι</span> 
     </span>
     <span class='ocr_line' id='line_1_5' title="bbox 207 948 1055 1064; baseline -0.001 -30"><span class='ocrx_word' id='word_1_23' title='bbox 207 951 341 1058; x_wconf 81' lang='lat' dir='ltr'>Qalis</span> <span class='ocrx_word' id='word_1_24' title='bbox 358 977 443 1064; x_wconf 83' lang='lat' dir='ltr'>apes</span> <span class='ocrx_word' id='word_1_25' title='bbox 459 948 594 1031; x_wconf 85' lang='lat' dir='ltr'>aestate</span> <span class='ocrx_word' id='word_1_26' title='bbox 612 977 708 1029; x_wconf 89' lang='lat' dir='ltr'>nova</span> <span class='ocrx_word' id='word_1_27' title='bbox 726 977 792 1060; x_wconf 91' lang='lat' dir='ltr'>per</span> <span class='ocrx_word' id='word_1_28' title='bbox 810 949 922 1030; x_wconf 88' lang='lat' dir='ltr'>florea</span> <span class='ocrx_word' id='word_1_29' title='bbox 939 980 1055 1033; x_wconf 83' lang='lat' dir='ltr'>rura.</span> 
     </span>
    </p>

    <p class='ocr_par' dir='ltr' id='par_1_3' title="bbox 206 1077 1295 1349">
     <span class='ocr_line' id='line_1_6' title="bbox 206 1077 1295 1212; baseline 0.001 -39"><span class='ocrx_word' id='word_1_30' title='bbox 206 1091 368 1174; x_wconf 83' lang='lat' dir='ltr'>Exercet</span> <span class='ocrx_word' id='word_1_31' title='bbox 383 1089 450 1172; x_wconf 91' lang='lat' dir='ltr'>sub</span> <span class='ocrx_word' id='word_1_32' title='bbox 467 1088 542 1169; x_wconf 87' lang='lat' dir='ltr'>sole</span> <span class='ocrx_word' id='word_1_33' title='bbox 557 1087 678 1212; x_wconf 30' lang='lat' dir='ltr'>&#39;lab0r‚</span> <span class='ocrx_word' id='word_1_34' title='bbox 689 1116 792 1209; x_wconf 16' lang='lat' dir='ltr'>&#39;chum</span> <span class='ocrx_word' id='word_1_35' title='bbox 809 1077 927 1200; x_wconf 86' lang='lat' dir='ltr'>gentis</span> <span class='ocrx_word' id='word_1_36' title='bbox 946 1090 1090 1174; x_wconf 73' lang='lat' dir='ltr'>adultoi</span> <span class='ocrx_word' id='word_1_37' title='bbox 1185 1124 1241 1209; x_wconf 83' lang='lat'>43</span> <span class='ocrx_word' id='word_1_38' title='bbox 1251 1127 1295 1209; x_wconf 74' lang='grc' dir='ltr'>ςΙ</span> 
     </span>
     <span class='ocr_line' id='line_1_7' title="bbox 206 1231 1064 1349; baseline 0 -33"><span class='ocrx_word' id='word_1_39' title='bbox 206 1231 520 1315; x_wconf 83' lang='lat' dir='ltr'>Educuntsoetus</span> <span class='ocrx_word' id='word_1_40' title='bbox 528 1270 540 1328; x_wconf 89' lang='lat'>;</span> <span class='ocrx_word' id='word_1_41' title='bbox 569 1248 633 1349; x_wconf 80' lang='lat' dir='ltr'>aut</span> <span class='ocrx_word' id='word_1_42' title='bbox 650 1258 741 1310; x_wconf 93' lang='lat' dir='ltr'>cum</span> <span class='ocrx_word' id='word_1_43' title='bbox 756 1231 933 1340; x_wconf 85' lang='lat' dir='ltr'>liquentia</span> <span class='ocrx_word' id='word_1_44' title='bbox 950 1233 1064 1317; x_wconf 90' lang='lat' dir='ltr'>mella</span> 
     </span>
    </p>

    <p class='ocr_par' dir='ltr' id='par_1_4' title="bbox 206 1369 1092 1485">
     <span class='ocr_line' id='line_1_8' title="bbox 206 1369 1092 1485; baseline 0.005 -33"><span class='ocrx_word' id='word_1_45' title='bbox 206 1374 362 1484; x_wconf 83' lang='lat' dir='ltr'>Stipant,</span> <span class='ocrx_word' id='word_1_46' title='bbox 391 1388 430 1450; x_wconf 88' lang='lat' dir='ltr'>et</span> <span class='ocrx_word' id='word_1_47' title='bbox 446 1369 548 1450; x_wconf 89' lang='lat' dir='ltr'>dulci</span> <span class='ocrx_word' id='word_1_48' title='bbox 565 1369 780 1485; x_wconf 89' lang='lat' dir='ltr'>distendunt</span> <span class='ocrx_word' id='word_1_49' title='bbox 794 1375 941 1455; x_wconf 74' lang='lat' dir='ltr'>nectare</span> <span class='ocrx_word' id='word_1_50' title='bbox 958 1375 1092 1474; x_wconf 87' lang='lat' dir='ltr'>cellas;</span> 
     </span>
    </p>

    <p class='ocr_par' dir='ltr' id='par_1_5' title="bbox 204 1484 1293 1765">
     <span class='ocr_line' id='line_1_9' title="bbox 205 1484 1233 1626; baseline 0.005 -32"><span class='ocrx_word' id='word_1_51' title='bbox 205 1514 288 1594; x_wconf 90' lang='lat' dir='ltr'>Aut</span> <span class='ocrx_word' id='word_1_52' title='bbox 304 1538 417 1592; x_wconf 87' lang='lat' dir='ltr'>onera</span> <span class='ocrx_word' id='word_1_53' title='bbox 432 1510 620 1620; x_wconf 88' lang='lat' dir='ltr'>accipiunt</span> <span class='ocrx_word' id='word_1_54' title='bbox 632 1511 862 1611; x_wconf 88' lang='lat' dir='ltr'>venientum,</span> <span class='ocrx_word' id='word_1_55' title='bbox 894 1484 1233 1626; x_wconf 24' lang='lat' dir='ltr'>aut&#39;agminefatto</span> 
     </span>
     <span class='ocr_line' id='line_1_10' title="bbox 204 1625 1115 1765; baseline 0.002 -29"><span class='ocrx_word' id='word_1_56' title='bbox 204 1655 392 1764; x_wconf 81' lang='lat' dir='ltr'>Ignavum</span> <span class='ocrx_word' id='word_1_57' title='bbox 406 1651 513 1734; x_wconf 84' lang='lat' dir='ltr'>fucos</span> <span class='ocrx_word' id='word_1_58' title='bbox 526 1625 640 1763; x_wconf 87' lang='lat' dir='ltr'>pecus</span> <span class='ocrx_word' id='word_1_59' title='bbox 654 1681 677 1735; x_wconf 86' lang='lat' dir='ltr'>a</span> <span class='ocrx_word' id='word_1_60' title='bbox 690 1654 924 1765; x_wconf 79' lang='lat' dir='ltr'>praesepibus</span> <span class='ocrx_word' id='word_1_61' title='bbox 944 1676 1080 1740; x_wconf 87' lang='lat' dir='ltr'>arcent.</span> <span class='ocrx_word' id='word_1_62' title='bbox 1110 1728 1115 1738; x_wconf 91' lang='lat'>.</span> 
     </span>
    </p>

    <p class='ocr_par' dir='ltr' id='par_1_6' title="bbox 99 1775 1277 2046">
     <span class='ocr_line' id='line_1_11' title="bbox 99 1775 1277 1912; baseline 0.007 -38"><span class='ocrx_word' id='word_1_63' title='bbox 99 1883 104 1897; x_wconf 52' lang='grc'><strong><em>,</em></strong></span> <span class='ocrx_word' id='word_1_64' title='bbox 204 1794 338 1877; x_wconf 89' lang='lat' dir='ltr'>Fervet</span> <span class='ocrx_word' id='word_1_65' title='bbox 346 1775 1277 1912; x_wconf 72' lang='lat' dir='ltr'>bpus‚redolentquethymofragrantiamella.440</span> 
     </span>
     <span class='ocr_line' id='line_1_12' title="bbox 203 1910 1087 2046; baseline 0.003 -30"><span class='ocrx_word' id='word_1_66' title='bbox 203 1934 244 2017; x_wconf 90' lang='lat'>0</span> <span class='ocrx_word' id='word_1_67' title='bbox 260 1932 451 2031; x_wconf 87' lang='lat' dir='ltr'>fortunati,</span> <span class='ocrx_word' id='word_1_68' title='bbox 481 1910 645 2044; x_wconf 89' lang='lat' dir='ltr'>quorum</span> <span class='ocrx_word' id='word_1_69' title='bbox 654 1936 736 2042; x_wconf 84' lang='lat' dir='ltr'>jam</span> <span class='ocrx_word' id='word_1_70' title='bbox 750 1934 900 2015; x_wconf 87' lang='lat' dir='ltr'>moenia</span> <span class='ocrx_word' id='word_1_71' title='bbox 916 1934 1087 2046; x_wconf 86' lang='lat' dir='ltr'>surgunt!</span> 
     </span>
    </p>

    <p class='ocr_par' dir='ltr' id='par_1_7' title="bbox 203 2069 948 2180">
     <span class='ocr_line' id='line_1_13' title="bbox 203 2069 948 2180; baseline 0 -27"><span class='ocrx_word' id='word_1_72' title='bbox 203 2073 352 2169; x_wconf 71' lang='lat' dir='ltr'>Aeneas</span> <span class='ocrx_word' id='word_1_73' title='bbox 365 2072 428 2170; x_wconf 90' lang='lat' dir='ltr'>ait,</span> <span class='ocrx_word' id='word_1_74' title='bbox 461 2088 498 2151; x_wconf 91' lang='lat' dir='ltr'>et</span> <span class='ocrx_word' id='word_1_75' title='bbox 514 2069 657 2179; x_wconf 79' lang='lat' dir='ltr'>fastigia</span> <span class='ocrx_word' id='word_1_76' title='bbox 674 2070 819 2180; x_wconf 90' lang='lat' dir='ltr'>suspicit</span> <span class='ocrx_word' id='word_1_77' title='bbox 837 2072 948 2153; x_wconf 87' lang='lat' dir='ltr'>urbis.</span> 
     </span>
    </p>

    <p class='ocr_par' dir='ltr' id='par_1_8' title="bbox 203 2207 1000 2321">
     <span class='ocr_line' id='line_1_14' title="bbox 203 2207 1000 2321; baseline 0 -30"><span class='ocrx_word' id='word_1_78' title='bbox 203 2209 321 2291; x_wconf 86' lang='lat' dir='ltr'>Infert</span> <span class='ocrx_word' id='word_1_79' title='bbox 337 2209 373 2290; x_wconf 90' lang='lat' dir='ltr'>se</span> <span class='ocrx_word' id='word_1_80' title='bbox 389 2207 510 2321; x_wconf 88' lang='lat' dir='ltr'>septus</span> <span class='ocrx_word' id='word_1_81' title='bbox 527 2208 675 2306; x_wconf 86' lang='lat' dir='ltr'>nebula,</span> <span class='ocrx_word' id='word_1_82' title='bbox 700 2209 869 2290; x_wconf 88' lang='lat' dir='ltr'>mirabile</span> <span class='ocrx_word' id='word_1_83' title='bbox 883 2211 1000 2308; x_wconf 81' lang='lat' dir='ltr'>dinu,</span> 
     </span>
    </p>

    <p class='ocr_par' dir='ltr' id='par_1_9' title="bbox 200 2348 1227 2460">
     <span class='ocr_line' id='line_1_15' title="bbox 200 2348 1227 2460; baseline 0.003 -27"><span class='ocrx_word' id='word_1_84' title='bbox 200 2351 275 2433; x_wconf 93' lang='lat' dir='ltr'>Per</span> <span class='ocrx_word' id='word_1_85' title='bbox 291 2349 448 2446; x_wconf 90' lang='lat' dir='ltr'>medios,</span> <span class='ocrx_word' id='word_1_86' title='bbox 472 2348 676 2458; x_wconf 85' lang='lat' dir='ltr'>miscetque</span> <span class='ocrx_word' id='word_1_87' title='bbox 692 2350 798 2446; x_wconf 88' lang='lat' dir='ltr'>viris;</span> <span class='ocrx_word' id='word_1_88' title='bbox 830 2379 953 2460; x_wconf 89' lang='lat' dir='ltr'>neque</span> <span class='ocrx_word' id='word_1_89' title='bbox 968 2352 1127 2434; x_wconf 89' lang='lat' dir='ltr'>cernitur</span> <span class='ocrx_word' id='word_1_90' title='bbox 1147 2352 1227 2437; x_wconf 90' lang='lat' dir='ltr'>ulli.</span> 
     </span>
    </p>
   </div>
   <div class='ocr_carea' id='block_1_3' title="bbox 200 2467 1269 2877">
    <p class='ocr_par' dir='ltr' id='par_1_10' title="bbox 200 2467 1269 2877">
     <span class='ocr_line' id='line_1_16' title="bbox 201 2467 1269 2615; baseline -0.001 -43"><span class='ocrx_word' id='word_1_91' title='bbox 201 2491 386 2572; x_wconf 80' lang='lat' dir='ltr'>Lucuain</span> <span class='ocrx_word' id='word_1_92' title='bbox 404 2489 496 2570; x_wconf 91' lang='lat' dir='ltr'>urbe</span> <span class='ocrx_word' id='word_1_93' title='bbox 513 2489 586 2570; x_wconf 86' lang='lat' dir='ltr'>fuit</span> <span class='ocrx_word' id='word_1_94' title='bbox 603 2467 745 2585; x_wconf 78' lang='lat' dir='ltr'>media,¹</span> <span class='ocrx_word' id='word_1_95' title='bbox 757 2488 973 2615; x_wconf 85' lang='lat' dir='ltr'>¹laetiffimus</span> <span class='ocrx_word' id='word_1_96' title='bbox 988 2490 1157 2593; x_wconf 85' lang='lat' dir='ltr'>umbrae,</span> <span class='ocrx_word' id='word_1_97' title='bbox 1180 2519 1237 2599; x_wconf 84' lang='lat'>44</span> <span class='ocrx_word' id='word_1_98' title='bbox 1243 2522 1269 2604; x_wconf 74' lang='grc' dir='ltr'><em>ς</em></span> 
     </span>
     <span class='ocr_line' id='line_1_17' title="bbox 202 2629 1077 2738; baseline 0.001 -30"><span class='ocrx_word' id='word_1_99' title='bbox 202 2633 294 2727; x_wconf 92' lang='lat' dir='ltr'>Quo</span> <span class='ocrx_word' id='word_1_100' title='bbox 311 2632 479 2738; x_wconf 90' lang='lat' dir='ltr'>primum</span> <span class='ocrx_word' id='word_1_101' title='bbox 492 2629 617 2737; x_wconf 64' lang='lat' dir='ltr'>jactati</span> <span class='ocrx_word' id='word_1_102' title='bbox 635 2629 743 2709; x_wconf 86' lang='lat' dir='ltr'>undis</span> <span class='ocrx_word' id='word_1_103' title='bbox 755 2645 793 2707; x_wconf 90' lang='lat' dir='ltr'>et</span> <span class='ocrx_word' id='word_1_104' title='bbox 804 2630 950 2709; x_wconf 90' lang='lat' dir='ltr'>turbine</span> <span class='ocrx_word' id='word_1_105' title='bbox 961 2629 1077 2709; x_wconf 90' lang='lat' dir='ltr'>Poeni</span> 
     </span>
     <span class='ocr_line' id='line_1_18' title="bbox 200 2767 1017 2877; baseline -0.002 -28"><span class='ocrx_word' id='word_1_106' title='bbox 200 2767 377 2849; x_wconf 83' lang='lat' dir='ltr'>Effudere</span> <span class='ocrx_word' id='word_1_107' title='bbox 396 2769 479 2848; x_wconf 89' lang='lat' dir='ltr'>loco</span> <span class='ocrx_word' id='word_1_108' title='bbox 494 2768 654 2877; x_wconf 89' lang='lat' dir='ltr'>fignum,</span> <span class='ocrx_word' id='word_1_109' title='bbox 687 2769 790 2876; x_wconf 92' lang='lat' dir='ltr'>quod</span> <span class='ocrx_word' id='word_1_110' title='bbox 804 2769 902 2876; x_wconf 86' lang='lat' dir='ltr'>regia</span> <span class='ocrx_word' id='word_1_111' title='bbox 916 2771 1017 2874; x_wconf 91' lang='lat' dir='ltr'>Juno</span> 
     </span>
    </p>
   </div>
   <div class='ocr_carea' id='block_1_4' title="bbox 94 2906 1293 4421">
    <p class='ocr_par' dir='ltr' id='par_1_11' title="bbox 201 2906 1218 3018">
     <span class='ocr_line' id='line_1_19' title="bbox 201 2906 1218 3018; baseline 0 -27"><span class='ocrx_word' id='word_1_112' title='bbox 201 2906 440 3006; x_wconf 86' lang='lat' dir='ltr'>Monstrarat,</span> <span class='ocrx_word' id='word_1_113' title='bbox 474 2928 586 3018; x_wconf 85' lang='lat' dir='ltr'>caput</span> <span class='ocrx_word' id='word_1_114' title='bbox 609 2912 700 2989; x_wconf 86' lang='lat' dir='ltr'>acris</span> <span class='ocrx_word' id='word_1_115' title='bbox 716 2910 830 3018; x_wconf 87' lang='lat' dir='ltr'>equi:</span> <span class='ocrx_word' id='word_1_116' title='bbox 863 2911 912 2991; x_wconf 86' lang='lat' dir='ltr'>fic</span> <span class='ocrx_word' id='word_1_117' title='bbox 924 2939 1013 2990; x_wconf 90' lang='lat' dir='ltr'>nam</span> <span class='ocrx_word' id='word_1_118' title='bbox 1025 2909 1105 2990; x_wconf 89' lang='lat' dir='ltr'>fore</span> <span class='ocrx_word' id='word_1_119' title='bbox 1119 2909 1218 2991; x_wconf 90' lang='lat' dir='ltr'>bello</span> 
     </span>
    </p>

    <p class='ocr_par' dir='ltr' id='par_1_12' title="bbox 199 3047 1168 3158">
     <span class='ocr_line' id='line_1_20' title="bbox 199 3047 1168 3158; baseline -0.001 -27"><span class='ocrx_word' id='word_1_120' title='bbox 199 3047 413 3158; x_wconf 82' lang='lat' dir='ltr'>Egregiam,</span> <span class='ocrx_word' id='word_1_121' title='bbox 442 3066 479 3126; x_wconf 88' lang='lat' dir='ltr'>et</span> <span class='ocrx_word' id='word_1_122' title='bbox 493 3048 643 3127; x_wconf 87' lang='lat' dir='ltr'>facilem</span> <span class='ocrx_word' id='word_1_123' title='bbox 656 3050 756 3127; x_wconf 65' lang='lat' dir='ltr'>vitiu</span> <span class='ocrx_word' id='word_1_124' title='bbox 770 3074 834 3156; x_wconf 88' lang='lat' dir='ltr'>per</span> <span class='ocrx_word' id='word_1_125' title='bbox 852 3049 992 3128; x_wconf 87' lang='lat' dir='ltr'>saecula</span> <span class='ocrx_word' id='word_1_126' title='bbox 1005 3068 1168 3156; x_wconf 84' lang='lat' dir='ltr'>gentem.</span> 
     </span>
    </p>

    <p class='ocr_par' dir='ltr' id='par_1_13' title="bbox 199 3189 1270 3301">
     <span class='ocr_line' id='line_1_21' title="bbox 199 3189 1270 3301; baseline -0.001 -31"><span class='ocrx_word' id='word_1_127' title='bbox 199 3192 280 3270; x_wconf 94' lang='lat' dir='ltr'>Hic</span> <span class='ocrx_word' id='word_1_128' title='bbox 307 3189 495 3297; x_wconf 88' lang='lat' dir='ltr'>templum</span> <span class='ocrx_word' id='word_1_129' title='bbox 517 3190 657 3292; x_wconf 88' lang='lat' dir='ltr'>Junoni</span> <span class='ocrx_word' id='word_1_130' title='bbox 679 3190 806 3295; x_wconf 88' lang='lat' dir='ltr'>ingens</span> <span class='ocrx_word' id='word_1_131' title='bbox 823 3189 973 3268; x_wconf 85' lang='lat' dir='ltr'>Sidonia</span> <span class='ocrx_word' id='word_1_132' title='bbox 986 3191 1090 3269; x_wconf 93' lang='lat' dir='ltr'>Dido</span> <span class='ocrx_word' id='word_1_133' title='bbox 1186 3218 1212 3297; x_wconf 88' lang='lat'>4</span> <span class='ocrx_word' id='word_1_134' title='bbox 1220 3217 1270 3301; x_wconf 84' lang='lat'>5⁰</span> 
     </span>
    </p>

    <p class='ocr_par' dir='ltr' id='par_1_14' title="bbox 198 3326 1139 3434">
     <span class='ocr_line' id='line_1_22' title="bbox 198 3326 1139 3434; baseline -0.002 -25"><span class='ocrx_word' id='word_1_135' title='bbox 198 3328 405 3423; x_wconf 84' lang='lat' dir='ltr'>Condebat,</span> <span class='ocrx_word' id='word_1_136' title='bbox 433 3328 538 3405; x_wconf 89' lang='lat' dir='ltr'>donis</span> <span class='ocrx_word' id='word_1_137' title='bbox 553 3326 776 3434; x_wconf 88' lang='lat' dir='ltr'>opulentum</span> <span class='ocrx_word' id='word_1_138' title='bbox 789 3346 825 3405; x_wconf 91' lang='lat' dir='ltr'>et</span> <span class='ocrx_word' id='word_1_139' title='bbox 841 3329 995 3406; x_wconf 90' lang='lat' dir='ltr'>numine</span> <span class='ocrx_word' id='word_1_140' title='bbox 1010 3328 1114 3407; x_wconf 92' lang='lat' dir='ltr'>divae</span> <span class='ocrx_word' id='word_1_141' title='bbox 1130 3359 1139 3407; x_wconf 75' lang='grc' dir='ltr'><strong>ε</strong></span> 
     </span>
    </p>

    <p class='ocr_par' dir='ltr' id='par_1_15' title="bbox 198 3467 1157 3574">
     <span class='ocr_line' id='line_1_23' title="bbox 198 3467 1157 3574; baseline -0.003 -24"><span class='ocrx_word' id='word_1_142' title='bbox 198 3473 320 3550; x_wconf 86' lang='lat' dir='ltr'>Aerea</span> <span class='ocrx_word' id='word_1_143' title='bbox 334 3469 393 3547; x_wconf 90' lang='lat' dir='ltr'>cui</span> <span class='ocrx_word' id='word_1_144' title='bbox 408 3467 580 3574; x_wconf 86' lang='lat' dir='ltr'>gradibus</span> <span class='ocrx_word' id='word_1_145' title='bbox 596 3467 788 3573; x_wconf 86' lang='lat' dir='ltr'>surgebant</span> <span class='ocrx_word' id='word_1_146' title='bbox 802 3467 943 3563; x_wconf 89' lang='lat' dir='ltr'>limina,</span> <span class='ocrx_word' id='word_1_147' title='bbox 968 3495 1157 3574; x_wconf 88' lang='lat' dir='ltr'>nexaeque</span> 
     </span>
    </p>

    <p class='ocr_par' dir='ltr' id='par_1_16' title="bbox 198 3607 1104 3706">
     <span class='ocr_line' id='line_1_24' title="bbox 198 3607 1104 3706; baseline 0.002 -18"><span class='ocrx_word' id='word_1_148' title='bbox 198 3609 430 3689; x_wconf 83' lang='lat' dir='ltr'>Aere-trabes</span> <span class='ocrx_word' id='word_1_149' title='bbox 442 3650 453 3706; x_wconf 88' lang='lat'>;</span> <span class='ocrx_word' id='word_1_150' title='bbox 476 3608 619 3688; x_wconf 89' lang='lat' dir='ltr'>foribus</span> <span class='ocrx_word' id='word_1_151' title='bbox 640 3608 751 3688; x_wconf 87' lang='lat' dir='ltr'>cardo</span> <span class='ocrx_word' id='word_1_152' title='bbox 770 3608 944 3688; x_wconf 86' lang='lat' dir='ltr'>stridebat</span> <span class='ocrx_word' id='word_1_153' title='bbox 965 3607 1104 3690; x_wconf 84' lang='lat' dir='ltr'>ahenis.</span> 
     </span>
    </p>

    <p class='ocr_par' dir='ltr' id='par_1_17' title="bbox 198 3747 1148 3855">
     <span class='ocr_line' id='line_1_25' title="bbox 198 3747 1148 3855; baseline 0.007 -32"><span class='ocrx_word' id='word_1_154' title='bbox 198 3747 287 3824; x_wconf 91' lang='lat' dir='ltr'>Hoc</span> <span class='ocrx_word' id='word_1_155' title='bbox 302 3752 469 3855; x_wconf 89' lang='lat' dir='ltr'>primum</span> <span class='ocrx_word' id='word_1_156' title='bbox 484 3749 522 3828; x_wconf 89' lang='lat' dir='ltr'>in</span> <span class='ocrx_word' id='word_1_157' title='bbox 542 3749 628 3828; x_wconf 86' lang='lat' dir='ltr'>luco</span> <span class='ocrx_word' id='word_1_158' title='bbox 648 3778 743 3829; x_wconf 88' lang='lat' dir='ltr'>nova</span> <span class='ocrx_word' id='word_1_159' title='bbox 762 3779 817 3830; x_wconf 88' lang='lat' dir='ltr'>res</span> <span class='ocrx_word' id='word_1_160' title='bbox 835 3749 958 3830; x_wconf 90' lang='lat' dir='ltr'>oblata</span> <span class='ocrx_word' id='word_1_161' title='bbox 972 3750 1148 3830; x_wconf 90' lang='lat' dir='ltr'>timorem</span> 
     </span>
    </p>

    <p class='ocr_par' dir='ltr' id='par_1_18' title="bbox 94 3860 1266 4005">
     <span class='ocr_line' id='line_1_26' title="bbox 94 3860 1266 4005; baseline 0.005 -38"><span class='ocrx_word' id='word_1_162' title='bbox 94 3872 95 3875; x_wconf 4' lang='grc' dir='ltr'>Ὺ</span> <span class='ocrx_word' id='word_1_163' title='bbox 196 3887 347 3983; x_wconf 84' lang='lat' dir='ltr'>Leniit;</span> <span class='ocrx_word' id='word_1_164' title='bbox 380 3888 442 3967; x_wconf 89' lang='lat' dir='ltr'>hic</span> <span class='ocrx_word' id='word_1_165' title='bbox 459 3892 629 3997; x_wconf 88' lang='lat' dir='ltr'>primum</span> <span class='ocrx_word' id='word_1_166' title='bbox 643 3890 788 3967; x_wconf 86' lang='lat' dir='ltr'>Aeneas</span> <span class='ocrx_word' id='word_1_167' title='bbox 802 3890 943 3998; x_wconf 85' lang='lat' dir='ltr'>sperare</span> <span class='ocrx_word' id='word_1_168' title='bbox 961 3892 1117 3973; x_wconf 89' lang='lat' dir='ltr'>salutem</span> <span class='ocrx_word' id='word_1_169' title='bbox 1165 3860 1206 4001; x_wconf 68' lang='grc' dir='ltr'>Ι4</span> <span class='ocrx_word' id='word_1_170' title='bbox 1213 3923 1236 4004; x_wconf 83' lang='lat'>5</span> <span class='ocrx_word' id='word_1_171' title='bbox 1243 3925 1266 4005; x_wconf 81' lang='lat'>5</span> 
     </span>
    </p>

    <p class='ocr_par' dir='ltr' id='par_1_19' title="bbox 196 4019 1046 4116">
     <span class='ocr_line' id='line_1_27' title="bbox 196 4019 1046 4116; baseline 0.019 -18"><span class='ocrx_word' id='word_1_172' title='bbox 196 4019 332 4116; x_wconf 88' lang='lat' dir='ltr'>Ausus,</span> <span class='ocrx_word' id='word_1_173' title='bbox 360 4039 396 4098; x_wconf 88' lang='lat' dir='ltr'>et</span> <span class='ocrx_word' id='word_1_174' title='bbox 410 4022 703 4103; x_wconf 72' lang='lat' dir='ltr'>afflinismelius</span> <span class='ocrx_word' id='word_1_175' title='bbox 719 4026 905 4110; x_wconf 89' lang='lat' dir='ltr'>confidere</span> <span class='ocrx_word' id='word_1_176' title='bbox 924 4033 1046 4116; x_wconf 85' lang='lat' dir='ltr'>rebus.</span> 
     </span>
    </p>

    <p class='ocr_par' dir='ltr' id='par_1_20' title="bbox 194 4143 1293 4421">
     <span class='ocr_line' id='line_1_28' title="bbox 194 4143 1293 4287; baseline 0.006 -44"><span class='ocrx_word' id='word_1_177' title='bbox 194 4160 388 4271; x_wconf 73' lang='lat' dir='ltr'>Namque,</span> <span class='ocrx_word' id='word_1_178' title='bbox 425 4158 648 4279; x_wconf 70' lang='lat' dir='ltr'>fungenti</span> <span class='ocrx_word' id='word_1_179' title='bbox 666 4162 904 4254; x_wconf 70' lang='lat' dir='ltr'>lustratum</span> <span class='ocrx_word' id='word_1_180' title='bbox 924 4143 1224 4287; x_wconf 51' lang='lat' dir='ltr'>finguntemplo</span> <span class='ocrx_word' id='word_1_181' title='bbox 1287 4225 1293 4234; x_wconf 89' lang='lat'>.</span> 
     </span>
     <span class='ocr_line' id='line_1_29' title="bbox 1076 4310 1266 4421; baseline 0.021 -29"><span class='ocrx_word' id='word_1_182' title='bbox 1076 4310 1266 4421; x_wconf 87' lang='lat' dir='ltr'>Reginam</span> 
     </span>
    </p>
   </div>
   <div class='ocr_carea' id='block_1_5' title="bbox 0 0 1478 5078">
    <p class='ocr_par' dir='ltr' id='par_1_21' title="bbox 0 0 1478 5078">
     <span class='ocr_line' id='line_1_30' title="bbox 0 0 1478 5078; baseline 0 3"><span class='ocrx_word' id='word_1_183' title='bbox 0 0 1478 5078; x_wconf 95' lang='lat' dir='ltr'> </span> 
     </span>
    </p>
   </div>
  </div>
 </body>
</html>
