2948 5078
407 379 727 510 Buconica.
758 382 890 476 Ecn.
927 379 965 472 1.
1210 409 1239 504 3

161 594 238 677 Cui
248 588 410 704 pendere
429 588 493 670 sua
509 587 682 700 patereris
701 587 741 669 in
759 585 888 666 arbore
905 609 1032 694 poma.

161 733 320 843 Tityrus
331 727 422 824 hine
438 728 575 815 aberat.
606 726 704 838 ipsae
723 744 774 822 te,
793 725 938 834 Tityre,
957 722 1080 832 pinus,

161 877 237 988 Ipsi
255 892 292 955 te
312 873 445 972 fontes,
467 872 543 982 ipu
558 869 652 953 haec
666 867 827 972 arbusta,
850 866 1043 950 vocabant.
1174 886 1233 968 40

160 1013 382 1120 Tr'rQid
393 1012 586 1095 facerem?
606 1038 729 1121 neque
739 1008 884 1090 servitio
897 1035 962 1089 me
974 1005 1077 1089 exire
1087 1000 1235 1085 licebat,

113 1157 116 1160 ’
160 1152 246 1233 Nec
259 1168 339 1232 tarn
357 1149 561 1260 praesentes
580 1139 671 1231 alibi
692 1147 914 1258 cognoscere
933 1145 1050 1228 divos.

155 1292 239 1407 Hic
256 1291 367 1372 illum
385 1291 463 1373 vidi
474 1293 665 1400 juvenem,
677 1289 881 1388 Meliboee,
899 1284 1096 1398 quotannis

160 1432 225 1511 Bis
244 1430 349 1511 senos
366 1403 430 1511 cui
447 1430 568 1512 nostra
582 1431 660 1510 dies
671 1429 796 1513 altaria
805 1427 965 1511 fumant.

163 1571 243 1651 Hic
261 1567 360 1650 mibi
374 1569 589 1677 responsum
607 1569 750 1678 primus
763 1569 865 1650 dedit
877 1568 940 1650 iile
956 1564 1118 1678 petenti:
1171 1586 1198 1667 4
1205 1584 1229 1672 ς

162 1707 315 1807 Pascite,
332 1724 375 1790 ut
392 1724 488 1804 aute,
503 1706 629 1803 boves,
644 1707 771 1818 pueri:
801 1706 1002 1790 submittite
1018 1725 1154 1788 tauros.

162 1849 286 1931 Mer..
315 1846 518 1930 Fortunate
539 1849 670 1931 senex!
709 1875 798 1957 ergo
815 1867 879 1931 tua
897 1876 982 1931 rura
1000 1847 1231 1932 manebunt:

161 1993 213 2072 Et
226 1991 294 2070 tibi
309 2017 446 2099 magna
463 1990 545 2071 satis
563 2022 574 2074 z
606 1989 776 2100 quamvis
794 1989 886 2102 lapis
900 1993 1029 2073 omnia
1047 1990 1183 2087 nudus,

162 2132 392 2240 Limosoque
410 2132 516 2242 palus
532 2123 696 2214 obducat
713 2131 846 2243 pascua
862 2135 1006 2244 junco:

163 2274 259 2355 Non
277 2271 415 2352 insueta
431 2299 558 2382 graves
577 2274 771 2354 tentabunt
787 2275 923 2385 pabula
940 2277 1081 2360 foetas:
1176 2303 1232 2388 50

164 2412 251 2494 Nec
265 2411 366 2494 mala
384 2413 496 2494 vicini
514 2414 663 2526 pecoris
682 2417 853 2524 contagia
869 2414 1027 2499 laedent.

134 2641 137 2646 ,
163 2553 366 2634 Fortunate
381 2552 514 2636 senex!
547 2553 614 2636 hic
630 2556 724 2635 inter
743 2553 902 2666 flumina
918 2574 1020 2654 nota,

165 2694 215 2774 Et
232 2693 353 2775 fontes
371 2693 503 2795 sacros,
521 2694 639 2806 frigus
652 2694 815 2806 captabis
828 2676 1002 2806 opacumss

166 2835 270 2916 Hinc
284 2835 366 2933 tibi,
380 2864 477 2945 quae
494 2836 638 2949 semper
658 2836 782 2917 vicino
795 2837 843 2917 ab
853 2836 973 2921 limite
989 2836 1090 2949 sepes

128 2992 140 3013 ·
167 2973 350 3083 Hyblaeis
364 2977 497 3088 apibus
509 2977 644 3059 florem
663 2976 812 3087 depasta
828 2976 957 3077 salicti,
1182 3005 1204 3086 ς
1213 3002 1242 3085 5¹

169 3119 283 3227 Saepe
298 3116 369 3199 levi
384 3118 561 3200 somnum
578 3119 743 3198 suadebit
759 3118 851 3197 inire
870 3117 1024 3198 susurro.

168 3259 273 3338 Hinc
285 3257 358 3342 alta
375 3259 444 3341 sub
459 3286 550 3369 rupe
563 3272 672 3339 canet
680 3254 871 3336 frondator
888 3257 936 3337 ad
953 3281 1068 3338 auras.
1191 3297 1193 3301 =

168 3400 254 3482 Nec
270 3417 398 3482 tamen
420 3400 556 3482 interea
574 3425 716 3496 raucae,
738 3412 802 3477 tua
820 3425 920 3498 cura,
941 3397 1149 3511 palumbes,

171 3544 257 3626 Nec
278 3572 429 3654 gemere
446 3545 545 3628 a'e‘ria
560 3542 707 3626 cessabit
724 3558 843 3623 turtur
859 3542 907 3622 ab
924 3542 1042 3625 ulmo.

171 3685 286 3768 Τιτ.
304 3688 407 3766 Ante
425 3684 522 3767 leves
539 3712 628 3794 ergo
646 3682 836 3794 pascentur
850 3683 888 3764 in
900 3682 1046 3765 aethere
1059 3683 1169 3782 cervi,
1183 3682 1239 3766 60

172 3823 224 3904 Et
237 3821 329 3906 freta
346 3825 544 3913 destituent
555 3827 676 3908 nudos
691 3824 730 3905 in
744 3823 851 3905 litore
862 3825 976 3937 pisces
991 3858 1002 3908 ε

177 3968 296 4063 Ante,
308 3972 498 4078 pererratis
513 3970 715 4052 ambomm
734 3966 883 4066 sinibus,
903 3968 991 4050 exul

173 4109 258 4190 Aut
277 4108 430 4192 Ararim
444 4109 602 4194 Parthus
614 4112 730 4210 bibet,
746 4128 810 4191 ant
823 4111 1027 4192 Germania
1045 4108 1211 4219 Tigrim,

176 4254 308 4377 Qam
327 4250 456 4338 nosco
471 4252 570 4338 iuius
580 4253 723 4339 labatur
740 4258 890 4365 pectore
911 4252 1044 4336 vultus.

328 4452 334 4463 .
736 4395 769 4477 B
803 4420 826 4479 2
1135 4385 1260 4471 Mel..
