2948 5078
389 362 725 458 Aruerno-r.
764 357 886 452 ⁴Lra
921 359 958 452 1.
1119 382 1212 490 147

145 565 254 668 Qae
272 568 336 644 me
354 590 505 671 cunque
525 580 660 644 vocant
681 579 808 644 terrae.
842 561 891 643 fic
910 561 1021 662 satus,
1040 561 1210 651 amicum

143 705 286 786 Ilionea
304 707 397 815 petit
413 706 555 804 dextra
570 705 747 815 laevaque
761 702 966 786 Serestum:
1120 708 1207 816 615'

141 848 232 929 Post
244 846 347 945 alios,
361 846 574 956 fortemque
593 848 720 956 Gyan,
738 845 951 954 sortemque
963 828 1209 934 Cloanthum.
1237 822 1242 831 ’

141 990 346 1101 Obstupuit
362 990 487 1100 primo
500 990 650 1099 aspeau
666 988 818 1069 suom
832 989 948 1084 nuo,
1158 960 1161 966 ’

139 1131 239 1209 Casu
253 1130 387 1210 deinde
405 1129 475 1208 viri
491 1145 621 1224 tanto;
652 1128 757 1208 etsie
773 1155 837 1208 ore
855 1127 980 1207 locuta
991 1124 1069 1209 esi:
1163 1198 1166 1202 .

141 1271 240 1378 Qis
256 1291 306 1366 te,
321 1288 405 1350 nate
422 1269 504 1366 dea,
517 1296 584 1378 per
600 1286 701 1347 tanta
717 1267 883 1379 pericula
901 1267 1004 1347 casus

141 1408 380 1516 Insequitur?
412 1435 509 1516 quae
521 1408 576 1487 vis
588 1407 817 1488 inunanibus
828 1403 988 1516 applicat
1004 1404 1102 1487 oris?
1120 1409 1208 1494 620
1319 1490 1327 1505 ,

139 1549 182 1633 ,Τ
183 1575 257 1627 une
278 1547 344 1628 ille
361 1549 521 1644 Aeneas,
539 1575 657 1656 quem
671 1548 862 1627 Dardanio
873 1544 1085 1626 Anchisae·
1144 1571 1152 1581 ··
1198 1557 1202 1631 ζ

140 1686 258 1768 Alma
271 1689 402 1768 Venus
420 1685 577 1795 Phrygii
593 1688 724 1796 genuit
737 1686 934 1767 simoentis
955 1684 1004 1764 ad
1023 1682 1200 1771 undanti.

138 1831 268 1936 Atque
287 1828 466 1937 equidem
485 1829 684 1909 Teucrum
697 1826 856 1910 memini
875 1825 1012 1912 Sidona
1030 1823 1168 1924 venire,
1194 1856 1201 1894 ι
1338 1828 1349 1843 ·

69 2056 72 2063 ,
138 1962 296 2049 Finibus
316 1967 516 2079 expulsum
529 1967 668 2080 patriis,
681 1996 779 2050 nova
796 1993 910 2076 regna
929 1981 1120 2074 perenm
1191 1976 1200 2052 ’ἶ

136 2107 294 2189 Auxilio
314 2109 407 2191 Beli·
467 2109 614 2218 genitor
625 2126 717 2188 tum
734 2106 844 2188 Belus
861 2106 1032 2216 opimam
1074 2211 1077 2216 Ι
1118 2105 1205 2215 623

50 2240 55 2251 ’
138 2249 315 2333 Vastabat
324 2253 510 2362 Cyprum,
527 2252 849 2334 etvicturditione
859 2249 1019 2332 tenebat.

136 2392 333 2503 Tempore
345 2395 427 2501 jam
439 2420 488 2475 ex
501 2391 568 2474 illo
578 2395 680 2476 casus
696 2393 794 2475 mihi
811 2393 982 2500 cognitus
995 2387 1097 2470 urbis
1197 2434 1200 2445 ·

136 2530 336 2642 Trojanae,
353 2560 569 2644 nomenque
586 2553 711 2631 tuum,
729 2532 904 2640 regesque
914 2526 1068 2632 Pelasgi.

135 2669 220 2779 Ipse
232 2669 350 2751 hostis
365 2675 534 2752 Teucros
547 2672 680 2779 iufigni
697 2670 806 2750 laude
821 2667 975 2760 ferebat,

134 2808 257 2916 Seque
265 2801 1139 2920 ortumantiquaTeucrorumasiirpevolebat.6
1145 2812 1203 2911 30'

132 2947 261 3052 Qare
274 2950 385 3057 agite,
403 2978 428 3030 o
439 2951 557 3048 tectis,
569 2952 738 3060 juvenes,
756 2945 940 3030 succedite
950 2932 1094 3025 nostris.
1193 2955 1197 2961 '

132 3083 205 3166 Me
226 3114 380 3197 quoque
393 3116 460 3198 per
475 3088 617 3171 multos
633 3088 763 3169 similis
778 3087 928 3169 fortuna
941 3082 1083 3169 iabores
1192 3164 1195 3169 .

132 3225 331 3331 Jactatam,
353 3225 425 3309 hac
442 3229 603 3313 demum
628 3229 747 3311 voluit
763 3226 956 3309 consistere
976 3240 1083 3305 terra.
1189 3234 1196 3310 ζ
1216 3237 1220 3243 ’

129 3366 225 3446 Non
242 3366 369 3476 ignara
384 3371 476 3453 mali
493 3373 634 3455 miseris
652 3371 861 3453 succurrere
874 3366 987 3450 disco.

131 3507 192 3587 Sic
205 3530 403 3599 memorat
433 3515 543 3595 fimul
564 3517 719 3597 Aenean
734 3513 774 3594 in
791 3511 892 3621 regia
905 3506 1011 3591 ducit
1109 3502 1133 3587 6
1141 3527 1161 3611 3
1171 3520 1196 3612 ς

129 3642 251 3727 Tecta
261 3685 283 3744 3²
295 3649 406 3733 fimul
424 3652 557 3734 divum
573 3653 726 3764 templis
739 3651 869 3733 indicit
887 3647 1087 3730 honorem
1186 3658 1193 3665 '

127 3785 215 3866 Nec
231 3789 357 3871 minus
377 3791 513 3875 interea
529 3794 635 3876 sociis
645 3795 692 3876 ad
711 3794 819 3876 litora
836 3791 951 3874 nutrit
1187 3800 1190 3805 ’

127 3924 274 4033 Viginti
293 3947 428 4034 tauros,
444 3961 669 4043 magnorum
687 3934 874 4018 horrentia
891 3948 1046 4014 orntum

128 4063 256 4173 Terga
275 4066 397 4170 suum,
413 4074 569 4182 pingues
585 4095 843 4158 centumcum
860 4074 1041 4156 matribus
1060 4093 1196 4178 agnos:

126 4201 303 4310 Munera,
317 4209 569 4326 laetitiamque
586 4217 660 4303 dei.
945 4278 948 4283 ,
1110 4205 1199 4313 640

645 4360 680 4441 L
714 4385 739 4446 a
1157 4352 1214 4437 At
