2948 5078
388 347 439 444 Ρ.
473 345 745 439 Vmcrun
780 343 1058 445 Minonis
1284 354 1287 359 ’

191 547 369 632 omnus
382 563 536 633 armata
553 574 670 629 manu
689 549 858 651 Romam
874 545 1062 655 ingreffus,
1108 551 1255 638 Cmsu.;

190 687 324 795 latum,
354 707 504 772 mortuo
521 687 739 772 Pansatunc
757 714 932 783 vacuum,
972 691 1021 770 ab
1051 692 1168 773 invito
1196 695 1256 777 sc-

188 846 494 940 urtuextorquet
518 858 585 936 ¹4·
625 827 715 911 Kal.
744 825 936 935 Septemb.
977 827 1132 943 seu19.
1159 832 1253 918 Au·

190 967 302 1079 gusti,
346 986 431 1050 aute
457 996 603 1050 annum
632 967 759 1049 aetatis
784 966 1007 1078 vigelimum
1042 971 1250 1082 expletum.

190 1111 290 1212 Inito
322 1109 512 1195 consulatu
535 1107 659 1190 statim
688 1109 728 1189 in
756 1134 901 1193 nomen
932 1124 971 1188 et
991 1108 1091 1191 bona
1120 1111 1257 1197 Caesa·

189 1253 240 1335 ric
274 1252 521 1362 legcmnliu,
563 1249 791 1358 oceanusque·
804 1247 865 1330 cstw
875 1248 1050 1361 deinceps
1062 1250 1112 1332 ab
1127 1254 1256 1347 omni.

189 1393 275 1494 bur,
305 1393 432 1475 Dione
449 1390 585 1474 castel.
607 1396 679 1499 46.
707 1391 753 1473 C.
774 1390 941 1494 Jurma
956 1390 1151 1474 Consua·
1164 1395 1254 1475 Oc·

190 1544 456 1634 eravimus.
518 1528 637 1611 Paulo
666 1528 761 1640 post,
808 1555 946 1638 nempe
980 1557 1051 1643 27.
1078 1531 1255 1616 Novem·

187 1669 276 1769 bris,
307 1670 383 1777 ipse
396 1696 440 1746 ac
457 1669 521 1746 Μ.
534 1671 722 1765 Antonius
738 1683 776 1744 et
788 1667 851 1748 M.
866 1667 1054 1748 Aemilius
1072 1671 1254 1779 Lepidus,

186 1806 402 1890 triumviros
415 1801 975 1914 sereipublicaecouffituendae
989 1801 1253 1916 inquinquen·

71 1941 73 1948 '
186 1944 296 2029 nium
313 1940 540 2036 renunciant,
573 1939 804 2061 magistratus
816 1937 953 2048 absque
968 1937 1112 2022 senatus
1129 1961 1167 2024 et
1182 1973 1254 2056 po-

187 2083 269 2196 puli
286 2079 440 2163 confilio
459 2079 649 2188 designant
665 2079 704 2159 in
721 2076 824 2158 idem
850 2092 1012 2189 tempus,
1040 2083 1251 2193 proscripti-

186 2251 309 2311 onem
321 2221 565 2303 inimicorum
581 2219 733 2301 suorum
753 2218 935 2318 indicunt,
966 2248 1043 2330 qua
1059 2222 1193 2305 Cicero
1208 2253 1251 2341 7.

186 2360 411 2447 Decembris
423 2358 563 2440 occisus
576 2358 642 2443 est.
700 2446 704 2457 ,

249 2504 356 2584 Hinc
384 2502 513 2581 erroris
544 2516 759 2608 arguunmr,
807 2499 876 2608 qui
911 2498 1042 2589 volunt
1067 2501 1253 2612 Eclogam

176 2644 338 2753 virgilii
361 2644 503 2725 sextam
533 2645 680 2725 Romae
711 2642 916 2724 auditama
945 2642 1126 2726 Cicerone
1146 2645 1254 2729 fuiffe

186 2785 228 2867 in
257 2784 415 2884 theatro,
471 2812 562 2866 cum
591 2812 614 2864 a
641 2782 845 2893 Cytheride
875 2784 995 2865 mima
1023 2802 1249 2887 cantaretur3

185 2927 440 3035 eumdemque
465 2929 664 3008 Romanae
676 2923 908 3034 eloquentiae
937 2925 1159 3035 principem,
1203 2926 1252 3006 ad

185 3065 292 3149 suam
318 3085 357 3148 et
376 3066 464 3146 novi
494 3075 623 3175 poetae
644 3064 794 3146 laudem
812 3062 1050 3146 exclamare:
1092 3090 1249 3173 magnae

172 3205 257 3315 sper
275 3202 397 3285 altera
424 3206 580 3285 Romae.-
626 3231 722 3313 quae
740 3204 850 3285 verba
876 3204 1049 3310 deinceps
1071 3203 1249 3311 Virgilius

184 3345 226 3422 in
239 3341 407 3420 Aeneida
422 3340 595 3421 retulerit.
659 3343 767 3420 Tum
781 3343 898 3438 enim,
928 3368 1020 3420 cum
1035 3339 1169 3420 Cicero
1182 3367 1250 3420 oc·

185 3476 280 3558 cisus
299 3477 365 3574 est,
397 3448 721 3583 Eclogasscribere
734 3479 904 3558 nondum
921 3476 1100 3588 Virgilius
1113 3504 1251 3589 coepe·
1309 3484 1312 3489 ’

186 3635 261 3698 rat:
293 3615 461 3696 necdum
470 3632 616 3695 venerat
629 3616 825 3698 Romam:
852 3617 914 3698 sed
928 3616 1066 3716 adhuc,
1085 3634 1149 3697 aut
1158 3616 1252 3718 Me.

185 3755 336 3852 dlolani,
368 3772 432 3837 aut
450 3754 585 3838 inrore
605 3755 673 3841 suo
690 3756 908 3858 versabatur,
940 3775 982 3840 ut
1002 3783 1097 3840 mox
1117 3754 1252 3837 deinde

185 3893 433 3977 ostendemus.
