2948 5078
384 370 720 464 Aruernos.
764 364 876 461 Lrs.
914 365 983 464 Π.Ἰ
1120 376 1212 475 161

146 568 248 654 Ecce
265 587 404 669 autem,
419 571 562 681 gemini
579 570 774 652 aTenedo
785 570 983 677 tranquilla
999 573 1164 682 peralta,

143 713 329 795 Horresco
339 713 511 817 referens,
527 713 716 796 immenfis
735 713 888 794 orbibus
900 739 1037 824 angues
1162 824 1164 831 Ι

144 852 1090 965 ln'eumbuntpelago,pariterqueadlitoratendunt:
1125 884 1181 944 20
1185 886 1217 972 5v

141 991 296 1074 Pectora
309 1020 474 1103 quorum
487 993 581 1074 inter
594 991 728 1074 fluuus
743 994 896 1090 macta,
906 992 1094 1104 jubasque

143 1130 372 1241 sanguineae
385 1131 605 1243 exsuperant
623 1131 765 1229 undas;
794 1159 876 1240 pars
894 1150 1035 1214 caetera
1048 1153 1211 1245 pontum

142 1266 246 1350 Pone
266 1269 367 1379 legit,
388 1269 606 1380 finuantque
621 1268 804 1349 immensa
821 1269 1012 1351 volumine
1027 1290 1146 1381 terga.
1239 1275 1242 1287 '

141 1406 205 1487 Fit
223 1407 373 1509 sonitus,
390 1410 584 1521 spumante
596 1409 694 1491 salo:
720 1410 877 1517 jamque
895 1439 980 1491 arva
992 1413 1177 1510 tenebant,
1211 1477 1215 1485 .

141 1549 399 1659 Ardentesque
411 1549 541 1631 oculos
554 1547 698 1630 suffecti
713 1547 887 1656 sanguine
899 1550 1040 1658 etigni,
1120 1579 1208 1636 2ιο

141 1685 257 1767 Sibila
276 1687 492 1771 lambebant
507 1689 643 1796 linguis
661 1687 887 1768 vibrantibus
904 1716 979 1769 ora.

138 1823 374 1936 Diffugimus
390 1827 469 1910 visu
489 1853 686 1936 exangues.
716 1823 772 1904 illi
790 1827 940 1933 agmine
956 1846 1058 1910 certo
1192 1884 1213 1900 ι.

138 1965 354 2047 Laocoonta
371 1975 522 2076 petunt:
551 1985 589 2047 et
606 1967 773 2076 primum
786 1994 897 2074 parva
914 1966 1080 2050 duorum
1203 2032 1206 2039 .

140 2103 309 2214 Corpora
327 2124 500 2188 natorum
514 2107 659 2217 serpens
678 2103 873 2212 amplexus
888 2123 1043 2214 uterque
1206 2155 1212 2180 .

139 2243 326 2355 Implicat,
340 2263 378 2327 et
394 2248 544 2329 miseros
556 2246 686 2328 morsu
703 2246 906 2355 depascitur
924 2266 1035 2334 artus.
1118 2273 1209 2361 215

140 2383 230 2466 Post
248 2387 383 2498 ipsum,
400 2388 541 2470 auxilio
562 2386 782 2469 subeuntem
795 2416 838 2469 ac
861 2385 933 2467 tela
949 2387 1145 2484 ferentem,
1207 2453 1211 2463 ,
1312 2466 1317 2476 ,

138 2524 369 2636 Corripiunt,
383 2527 558 2638 spirisque
575 2527 692 2635 ligant
714 2526 948 2632 ingentibus:
969 2526 1095 2630 etjam
1198 2590 1200 2594 Α

138 2662 202 2744 Bis
216 2665 389 2746 medium
404 2664 581 2774 amplexi,
599 2662 656 2743 bis
671 2660 771 2742 collo
783 2663 960 2769 squamea
980 2661 1128 2741 circum
1200 2710 1204 2719 ·

140 2803 269 2910 Terga
284 2802 374 2902 dati,
395 2803 565 2914 superant
581 2805 702 2913 capite
715 2820 753 2882 et
769 2800 972 2881 cervicibus
988 2800 1081 2882 altis.

136 2938 207 3019 Ille
226 2939 336 3021 smol
353 2942 525 3023 manibus
541 2943 661 3022 tendit
678 2939 851 3022 divellere
874 2939 1005 3039 nodos,
1116 2965 1205 3025 222

139 3079 311 3161 Perfusus
330 3081 426 3163 sanie
445 3085 552 3165 vittas
568 3101 721 3193 atroque
739 3111 895 3166 veneno.

136 3219 330 3301 Clamores
346 3220 458 3303 fimul
478 3222 681 3306 horrendos
698 3224 746 3304 ad
766 3223 881 3303 sidera
897 3219 1022 3301 tollite
1196 3242 1200 3253 ·

138 3357 280 3455 Quales
301 3362 479 3471 mugitus,
499 3363 597 3474 sugit
612 3391 704 3445 cum
717 3361 861 3442 saucius
876 3387 981 3440 aram

137 3500 300 3599 Taurus,
315 3519 354 3581 et
372 3502 717 3585 incertamexcussit
729 3502 871 3585 cervice
891 3498 1061 3583 securim.

139 3639 195 3720 At
212 3643 353 3750 gemini
369 3643 473 3756 lapsu
490 3646 645 3726 delubra
662 3646 711 3726 ad
731 3645 880 3725 summa
893 3642 1069 3722 dracones
1120 3663 1178 3722 22
1181 3663 1205 3752 ς

137 3779 349 3889 Effugiung
376 3785 574 3897 saevaeque
592 3804 724 3897 petunt
738 3782 947 3866 Tritonidis
973 3806 1118 3861 arcem:

137 3920 215 3999 Sub
228 3921 455 4034 pedibusque
472 3926 574 4025 deae,
596 3924 793 4035 clypeique
807 3919 875 4002 sub
889 3916 978 4002 orbe
992 3933 1177 4025 teguntur„

137 4059 246 4139 Tum
264 4088 352 4142 vero
373 4066 592 4146 tremefacta
608 4091 727 4146 novus
746 4089 812 4173 per
829 4063 980 4172 pectora
991 4055 1135 4136 cunetis

137 4195 301 4284 infinuat
311 4229 452 4330 pavor3
483 4222 521 4290 et
535 4204 650 4289 scelus
669 4199 880 4325 expendisse
900 4212 1110 4283 merentem

626 4342 679 4429 M
998 4336 1215 4415 Laocoonta
