2948 5078
308 363 369 431 12
492 328 548 422 P.
582 327 846 422 V1ne1u11
881 325 1166 429 Minonis

300 533 412 614 Idem
428 556 535 611 amor
550 528 710 610 exitium
726 527 852 638 pecori
868 527 934 627 est,
952 532 1166 642 pecorisque
1183 533 1374 643 magistro.

297 672 425 757 ΜΕΝ.
453 669 527 750 His
546 687 643 753 certe
663 695 785 777 neque
802 693 910 749 amor
922 668 1029 749 causa
1045 669 1123 754 est:
1155 674 1219 752 vix
1231 672 1370 759 offibus

478 806 643 890 haerent

296 948 437 1033 Nescio
447 949 532 1057 quis
550 968 694 1030 teneros
710 946 841 1028 oculus
853 944 952 1028 mihi
968 948 1119 1030 fascinat
1135 977 1262 1061 agnos.

296 1090 388 1172 Da.
398 1087 474 1169 Dic
487 1089 623 1198 quibus
636 1088 799 1186 interris,
811 1084 930 1168 eteris
938 1084 1034 1168 mihi
1045 1115 1203 1197 magnus
1211 1092 1367 1203 Apollo,

235 1286 239 1295 ,
296 1229 395 1341 Tges
411 1247 534 1341 pateat
550 1227 645 1310 coeli
665 1228 826 1349 spatium
839 1227 1093 1339 nonampliue
1106 1229 1223 1312 ulnas.
1283 1262 1334 1319 10
1341 1264 1366 1348 5

295 1370 423 1453 Meu.
439 1369 663 1478 Dicquibua
674 1369 834 1455 interris¹
844 1366 1008 1480 inscripti
1018 1373 1175 1455 nomina
1186 1403 1320 1485 regum

295 1510 506 1613 Nascanuu
525 1509 659 1595 flores:
689 1511 921 1622 etrPhyltida
937 1512 1197 1598 solus-habeto.

295 1652 408 1749 Per..
425 1652 519 1735 Non
531 1653 699 1743 nostrum
707 1654 802 1736 inter
812 1682 878 1735 vos
888 1671 1006 1737 tantae
1015 1670 1242 1768 componere
1254 1657 1349 1745 lites.

295 1795 349 1879 Et
361 1790 477 1873 vitula
489 1809 532 1872 tu
544 1795 690 1901 dignus,
710 1811 748 1873 et
769 1792 856 1875 hic:
886 1811 925 1874 et
937 1794 1104 1902 quisquis
1114 1823 1259 1880 amores

294 1932 378 2013 Aut
389 1949 531 2013 metuet
547 1930 686 2031 dulcet,
706 1948 771 2011 aut
787 1933 995 2041 experietur
1009 1960 1167 2015 amaros.
1282 1966 1298 2022 1
1314 1968 1365 2021 10

295 2070 559 2183 Clauditejam
576 2073 685 2171 rivos,
700 2072 828 2183 pueri:
859 2072 911 2153 sat
928 2091 1032 2184 prata
1047 2073 1236 2159 biberunt.

535 2351 1128 2491 ncuounlu

624 2524 920 2610 'P'O'LL‘I
950 2525 1002 2607 0.

369 2775 523 2859 Icelides
542 2775 687 2873 Musae,
702 2774 830 2885 paullo
846 2775 987 2884 majora
999 2803 1192 2861 canamus.

385 2919 479 3003 Non
490 2917 777 3027 omnesarbusta
784 2919 930 3026 juvant,
942 2896 1178 3029 humilesque
1190 2927 1365 3033 myricae.

292 3058 332 3137 Si
349 3059 518 3143 canimus
535 3058 664 3169 sylvas,
678 3057 799 3168 sylvae
811 3057 882 3139 fint
895 3056 1044 3139 consule
1056 3058 1203 3169 dignae.

292 3194 440 3287 Ultima
458 3200 618 3281 Cumaei
632 3197 731 3279 venit
746 3197 829 3306 jam
842 3197 1154 3281 carminis'aetae:

290 3334 460 3445 Magnus
472 3335 897 3443 ab-integro'saeclorum
910 3336 1068 3416 nascitur
1081 3338 1185 3417 ordo.
1334 3365 1363 3448 ς

292 3474 383 3579 Jam
395 3475 490 3554 redit
504 3491 542 3554 et
556 3474 699 3580 Virg0;
731 3452 886 3556 redeunt
904 3475 1071 3555 Saturnia
1081 3503 1218 3581 regna:

293 3614 386 3719 jam
402 3642 498 3717 nqva
518 3612 712 3724 progenies
729 3611 836 3693 coelo
853 3613 1059 3697 demittitur
1079 3615 1167 3696 alto.

292 3753 359 3833 Tu
377 3754 496 3851 modo
514 3754 677 3835 nascenti
695 3780 825 3863 puer0,
839 3781 917 3861 quo
936 3753 1053 3834 ferrea
1079 3758 1250 3862 primum

290 3890 459 4001 Desinet,
478 3921 522 3974 ac
540 3911 619 3973 toto
637 3892 760 3999 surget
776 3919 867 3999 gens
881 3917 991 3969 aurea
1010 3892 1170 3987 mundo,

287 4032 401 4114 easta
417 4031 499 4114 save
516 4032 662 4112 Lucina
680 4062 689 4110 :
723 4049 809 4109 tuus
822 4031 904 4135 jam
921 4048 1048 4138 regnat
1068 4028 1220 4140 Apollo,
1314 4060 1365 4115 10

291 4175 429 4284 Teque
444 4171 539 4266 adeo
557 4172 670 4254 decus
689 4167 762 4253 hoc
777 4170 869 4269 aevi,
889 4188 924 4251 te
943 4169 1104 4268 consule,
1128 4169 1237 4256 inibit

1217 4306 1338 4390 Pollio
1354 4338 1365 4389 ε
