2948 5078
383 341 482 455 182
575 332 628 431 P.
662 335 924 439 Venerin
961 335 1241 445 Manounu

379 540 472 644 Qa
486 535 652 647 graffum
662 535 884 633 extuleram,
897 552 1024 646 repeto
1040 576 1054 635 ς
1074 554 1114 617 et
1128 491 1281 649 vest-igin
1298 559 1401 635 retro
1442 540 1446 545 ¹

282 762 288 771 ,
381 674 587 767 observata
605 679 739 793 sequor
752 704 822 788 per
839 678 1005 772 noctem,
1020 692 1058 757 et
1072 674 1217 770 lumine
1232 680 1365 771 iqſtro,

381 816 532 902 Horror
546 815 850 931 ubiqueunimos,
863 811 1058 922 umulipn
1070 811 1465 943 mendam-756

381 958 479 1044 lnde
495 958 670 1058 domum,
688 957 826 1051 nferre
845 957 994 1067 pedem,
1010 955 1038 1047 fi
1052 954 1308 1062 fenerarunt,

382 1101 457 1200 Me
464 1102 595 1187 refero.
611 1103 791 1193 irruam
797 1098 935 1197 Danai.
947 1116 985 1183 et
994 1100 1261 1190 emmoniae
1271 1104 1465 1191 tenebar.

381 1244 518 1341 {linet
508 1243 603 1352 rgnia
620 1243 717 1331 edax
736 1241 886 1333 summa
898 1239 946 1321 ad
961 1240 1106 1350 fastigia
1121 1262 1235 1327 vento

378 1383 583 1484 Volvitur·
570 1400 805 1494 exuperant
815 1381 1015 1478 flammae
1035 1381 1127 1469 furit
1139 1383 1263 1469 aestua
1277 1387 1463 1471 marran.

381 1524 553 1613 Pronedo
569 1525 617 1613 ad
635 1524 779 1612 Priami
794 1522 908 1622 sedes,
928 1549 1128 1631 arcemque
1143 1525 1273 1610 reviso.
1368 1527 1462 1640 760

383 1663 528 1774 Etjam
545 1665 750 1776 porticibus
768 1663 906 1760 vacuis,
924 1662 1084 1767 Junonis
1102 1662 1215 1771 asylo,

382 1803 569 1892 Custoder
588 1804 675 1893 leni
690 1800 864 1892 Phoenix
879 1800 1033 1890 etdieus
1044 1801 1191 1908 Ulyffes

382 1944 568 2030 Praedam
585 1940 822 2055 effervebant.
853 1938 931 2029 huc
950 1940 1117 2048 undique
1135 1941 1256 2032 Troia
1272 1965 1367 2048 gaza

383 2084 548 2167 Incenfis
565 2100 691 2193 erepta
705 2080 839 2191 adytis,
859 2079 1080 2189 mensaeque
1094 2078 1267 2177 duorum,

368 2224 625 2330 'Crateresque
641 2251 732 2309 auro
749 2220 870 2321 solidi,
887 2221 1105 2330 captivaque
1119 2220 1229 2310 vestis
1368 2224 1426 2334 76
1434 2251 1461 2337 5

383 2366 620 2476 congeritur.
651 2363 758 2475 pueri
773 2380 812 2445 et
824 2363 981 2472 pavidae
991 2363 1106 2473 longo
1117 2364 1247 2453 urdine
1263 2379 1401 2449 mattea

340 2582 346 2586 .
387 2509 494 2612 Stant
511 2507 669 2593 circum.

380 2644 512 2732 ¹Ausus
529 2644 736 2756 quinetiam
753 2669 863 2726 voces
887 2641 1022 2749 jactare
1042 2669 1107 2752 per
1126 2641 1326 2739 umbram

385 2788 548 2897 Implevi
563 2785 727 2865 clamore
744 2785 833 2879 vias,
853 2780 1088 2888 moestusque
1104 2781 1285 2871 Creiisam

383 2931 657 3041 Nequicquam
701 2926 948 3034 ingeminans,
994 2926 1206 3031 iterumque
1251 2924 1464 3029 iterumque

569 3066 710 3148 vocavi.
1370 3094 1459 3176 770

389 3208 607 3322 Qaerenti‚
623 3226 660 3286 et
673 3205 776 3287 tectis
793 3205 894 3286 urbis
916 3205 992 3285 sane
1015 3202 1090 3285 fine
1108 3203 1258 3300 furenti,

384 3355 523 3437 Infelix
541 3348 782 3433 fimulacrum
800 3364 910 3454 atque
924 3346 1033 3454 ipsius
1048 3345 1184 3425 umbra
1202 3341 1360 3425 Creiisae

385 3496 476 3574 Visa
496 3491 593 3575 miln
607 3505 690 3569 ante
705 3488 845 3586 oculos,
865 3506 901 3565 et
920 3505 1008 3565 nota
1022 3487 1139 3592 major
1157 3486 1294 3589 imago,

388 3635 590 3749 Obstupui,
601 3632 850 3740 steteruntque
858 3656 1002 3725 comae,
1015 3647 1051 3709 et
1062 3655 1137 3709 vox
1152 3625 1321 3707 faucibus
1332 3622 1462 3710 haefit.

388 3779 498 3856 Tum
517 3776 566 3855 fic
585 3773 701 3871 affari,
724 3794 761 3853 et
778 3799 883 3853 curas
897 3769 956 3850 his
974 3770 1124 3850 demere
1139 3765 1266 3849 diens:
1367 3795 1458 3879 775

387 3914 494 4017 Qid
511 3932 659 3992 tantum
677 3914 802 3992 insano
814 3914 918 4018 juvat
936 3908 1128 4016 indulgere
1141 3906 1276 4003 dolori,

385 4059 425 4136 O
444 4052 562 4133 dulcis
581 4054 744 4159 conjux?
772 4078 850 4130 non
867 4048 960 4132 haec
973 4049 1048 4131 fine
1062 4050 1219 4135 numine
1235 4049 1368 4133 divum

385 4195 596 4282 Eveniunt:
628 4208 745 4274 necte
758 4190 939 4274 comitem
953 4191 1135 4305 asportare
1151 4191 1332 4278 Creusam

1355 4325 1429 4409 Fas
1446 4355 1459 4412 z
