<?xml version="1.0" encoding="UTF-8"?>
<!DOCTYPE html PUBLIC "-//W3C//DTD XHTML 1.0 Transitional//EN"
    "http://www.w3.org/TR/xhtml1/DTD/xhtml1-transitional.dtd">
<html xmlns="http://www.w3.org/1999/xhtml" xml:lang="en" lang="en">
 <head>
  <title>
</title>
<meta http-equiv="Content-Type" content="text/html;charset=utf-8" />
  <meta name='ocr-system' content='tesseract 3.04.00' />
  <meta name='ocr-capabilities' content='ocr_page ocr_carea ocr_par ocr_line ocrx_word'/>
</head>
<body>
  <div class='ocr_page' id='page_1' title='image "./publiivirgiliim02schegoog_0093.png"; bbox 0 0 2948 5078; ppageno 0'>
   <div class='ocr_carea' id='block_1_1' title="bbox 411 345 1261 447">
    <p class='ocr_par' dir='ltr' id='par_1_1' title="bbox 411 345 1261 447">
     <span class='ocr_line' id='line_1_1' title="bbox 411 345 1261 447; baseline 0.001 -4"><span class='ocrx_word' id='word_1_1' title='bbox 411 377 475 444; x_wconf 84' lang='lat'>20</span> <span class='ocrx_word' id='word_1_2' title='bbox 579 347 634 444; x_wconf 78' lang='lat' dir='ltr'>P.</span> <span class='ocrx_word' id='word_1_3' title='bbox 666 345 945 445; x_wconf 73' lang='lat' dir='ltr'>Vrnormr</span> <span class='ocrx_word' id='word_1_4' title='bbox 979 345 1261 447; x_wconf 69' lang='lat' dir='ltr'>Minoum</span> 
     </span>
    </p>
   </div>
   <div class='ocr_carea' id='block_1_2' title="bbox 407 548 1434 660">
    <p class='ocr_par' dir='ltr' id='par_1_2' title="bbox 407 548 1434 660">
     <span class='ocr_line' id='line_1_2' title="bbox 407 548 1434 660; baseline 0 -30"><span class='ocrx_word' id='word_1_5' title='bbox 407 548 477 630; x_wconf 92' lang='lat' dir='ltr'>Ille</span> <span class='ocrx_word' id='word_1_6' title='bbox 498 548 632 629; x_wconf 94' lang='lat' dir='ltr'>dolum</span> <span class='ocrx_word' id='word_1_7' title='bbox 646 549 792 631; x_wconf 88' lang='lat' dir='ltr'>ridens:</span> <span class='ocrx_word' id='word_1_8' title='bbox 824 551 914 653; x_wconf 87' lang='lat' dir='ltr'>Qro</span> <span class='ocrx_word' id='word_1_9' title='bbox 934 548 1082 628; x_wconf 83' lang='lat' dir='ltr'>vincula</span> <span class='ocrx_word' id='word_1_10' title='bbox 1094 548 1311 632; x_wconf 70' lang='lat' dir='ltr'>nechitis?</span> <span class='ocrx_word' id='word_1_11' title='bbox 1300 548 1434 660; x_wconf 81' lang='lat' dir='ltr'>inquit.</span> 
     </span>
    </p>
   </div>
   <div class='ocr_carea' id='block_1_3' title="bbox 176 674 1271 821">
    <p class='ocr_par' dir='ltr' id='par_1_3' title="bbox 176 674 1271 821">
     <span class='ocr_line' id='line_1_3' title="bbox 176 674 1271 821; baseline 0 -52"><span class='ocrx_word' id='word_1_12' title='bbox 176 697 180 711; x_wconf 89' lang='grc'><strong>“</strong></span> <span class='ocrx_word' id='word_1_13' title='bbox 268 722 273 735; x_wconf 90' lang='grc'><em>·</em></span> <span class='ocrx_word' id='word_1_14' title='bbox 385 674 397 689; x_wconf 64' lang='grc'><strong><em>”</em></strong></span> <span class='ocrx_word' id='word_1_15' title='bbox 408 685 546 768; x_wconf 80' lang='lat' dir='ltr'>Solvite</span> <span class='ocrx_word' id='word_1_16' title='bbox 558 715 621 767; x_wconf 95' lang='lat' dir='ltr'>me</span> <span class='ocrx_word' id='word_1_17' title='bbox 623 687 772 797; x_wconf 77' lang='lat' dir='ltr'>‚pueri</span> <span class='ocrx_word' id='word_1_18' title='bbox 803 685 885 785; x_wconf 79' lang='lat' dir='ltr'>satis</span> <span class='ocrx_word' id='word_1_19' title='bbox 899 685 953 766; x_wconf 86' lang='lat' dir='ltr'>est</span> <span class='ocrx_word' id='word_1_20' title='bbox 969 686 1144 821; x_wconf 75' lang='lat' dir='ltr'>potuisse</span> <span class='ocrx_word' id='word_1_21' title='bbox 1141 687 1271 769; x_wconf 88' lang='lat' dir='ltr'>videri.</span> 
     </span>
    </p>
   </div>
   <div class='ocr_carea' id='block_1_4' title="bbox 383 822 1473 2189">
    <p class='ocr_par' dir='ltr' id='par_1_4' title="bbox 407 822 1471 1075">
     <span class='ocr_line' id='line_1_4' title="bbox 408 822 1471 959; baseline 0.003 -54"><span class='ocrx_word' id='word_1_22' title='bbox 408 825 585 907; x_wconf 85' lang='lat' dir='ltr'>Carmina</span> <span class='ocrx_word' id='word_1_23' title='bbox 587 852 703 935; x_wconf 89' lang='lat' dir='ltr'>quae</span> <span class='ocrx_word' id='word_1_24' title='bbox 715 823 823 906; x_wconf 80' lang='lat' dir='ltr'>vultis</span> <span class='ocrx_word' id='word_1_25' title='bbox 824 823 1109 959; x_wconf 77' lang='lat' dir='ltr'>,cognosciter</span> <span class='ocrx_word' id='word_1_26' title='bbox 1067 822 1388 922; x_wconf 87' lang='lat' dir='ltr'>·carminav0bis;</span> <span class='ocrx_word' id='word_1_27' title='bbox 1417 851 1440 908; x_wconf 82' lang='lat'><em>2</em></span> <span class='ocrx_word' id='word_1_28' title='bbox 1448 847 1471 935; x_wconf 80' lang='grc' dir='ltr'><em>ς</em></span> 
     </span>
     <span class='ocr_line' id='line_1_5' title="bbox 407 934 1329 1075; baseline -0.001 -30"><span class='ocrx_word' id='word_1_29' title='bbox 407 959 514 1046; x_wconf 88' lang='lat' dir='ltr'>Huic</span> <span class='ocrx_word' id='word_1_30' title='bbox 532 964 635 1045; x_wconf 89' lang='lat' dir='ltr'>aliud</span> <span class='ocrx_word' id='word_1_31' title='bbox 651 934 831 1045; x_wconf 88' lang='lat' dir='ltr'>mercedis</span> <span class='ocrx_word' id='word_1_32' title='bbox 846 962 936 1046; x_wconf 85' lang='lat' dir='ltr'>erit:</span> <span class='ocrx_word' id='word_1_33' title='bbox 967 962 1105 1045; x_wconf 88' lang='lat' dir='ltr'>fimul</span> <span class='ocrx_word' id='word_1_34' title='bbox 1081 956 1224 1075; x_wconf 82' lang='lat' dir='ltr'>incipit</span> <span class='ocrx_word' id='word_1_35' title='bbox 1241 962 1329 1075; x_wconf 88' lang='lat' dir='ltr'>ipse</span> 
     </span>
    </p>

    <p class='ocr_par' dir='ltr' id='par_1_5' title="bbox 383 1098 1474 2189">
     <span class='ocr_line' id='line_1_6' title="bbox 408 1098 1471 1223; baseline -0.003 -39"><span class='ocrx_word' id='word_1_36' title='bbox 408 1104 519 1184; x_wconf 92' lang='lat' dir='ltr'>Tum</span> <span class='ocrx_word' id='word_1_37' title='bbox 538 1102 683 1185; x_wconf 90' lang='lat' dir='ltr'>veroin</span> <span class='ocrx_word' id='word_1_38' title='bbox 700 1130 903 1185; x_wconf 84' lang='lat' dir='ltr'>numerum</span> <span class='ocrx_word' id='word_1_39' title='bbox 926 1101 1145 1215; x_wconf 88' lang='lat' dir='ltr'>Faunosque</span> <span class='ocrx_word' id='word_1_40' title='bbox 1163 1098 1471 1223; x_wconf 81' lang='lat' dir='ltr'>femsquevider</span> 
     </span>
     <span class='ocr_line' id='line_1_7' title="bbox 383 1240 1385 1361; baseline -0.006 -35"><span class='ocrx_word' id='word_1_41' title='bbox 383 1346 389 1361; x_wconf 24' lang='grc' dir='ltr'>ἱ</span> <span class='ocrx_word' id='word_1_42' title='bbox 408 1243 572 1349; x_wconf 81' lang='lat' dir='ltr'>Ludere,</span> <span class='ocrx_word' id='word_1_43' title='bbox 591 1258 677 1321; x_wconf 91' lang='lat' dir='ltr'>tum</span> <span class='ocrx_word' id='word_1_44' title='bbox 696 1240 831 1348; x_wconf 86' lang='lat' dir='ltr'>rigidas</span> <span class='ocrx_word' id='word_1_45' title='bbox 842 1258 985 1321; x_wconf 88' lang='lat' dir='ltr'>motare</span> <span class='ocrx_word' id='word_1_46' title='bbox 1002 1241 1199 1323; x_wconf 86' lang='lat' dir='ltr'>cacumina</span> <span class='ocrx_word' id='word_1_47' title='bbox 1214 1266 1385 1351; x_wconf 63' lang='lat' dir='ltr'>quercus.</span> 
     </span>
     <span class='ocr_line' id='line_1_8' title="bbox 408 1375 1315 1491; baseline 0 -31"><span class='ocrx_word' id='word_1_48' title='bbox 386 1380 498 1460; x_wconf 91' lang='lat' dir='ltr'>Nec</span> <span class='ocrx_word' id='word_1_49' title='bbox 515 1393 661 1457; x_wconf 90' lang='lat' dir='ltr'>tantum</span> <span class='ocrx_word' id='word_1_50' title='bbox 674 1375 830 1458; x_wconf 88' lang='lat' dir='ltr'>Phoebo</span> <span class='ocrx_word' id='word_1_51' title='bbox 842 1377 981 1486; x_wconf 82' lang='lat' dir='ltr'>gaudet</span> <span class='ocrx_word' id='word_1_52' title='bbox 993 1377 1175 1460; x_wconf 87' lang='lat' dir='ltr'>Parnassia</span> <span class='ocrx_word' id='word_1_53' title='bbox 1193 1406 1315 1491; x_wconf 77' lang='lat' dir='ltr'>rupee,</span> 
     </span>
     <span class='ocr_line' id='line_1_9' title="bbox 411 1508 1467 1631; baseline -0.004 -32"><span class='ocrx_word' id='word_1_54' title='bbox 411 1516 660 1631; x_wconf 67' lang='lat' dir='ltr'>Nectantum</span> <span class='ocrx_word' id='word_1_55' title='bbox 673 1513 869 1631; x_wconf 19' lang='lat' dir='ltr'>‘Rhodope</span> <span class='ocrx_word' id='word_1_56' title='bbox 885 1517 1117 1613; x_wconf 85' lang='lat' dir='ltr'>miranturet</span> <span class='ocrx_word' id='word_1_57' title='bbox 1135 1508 1296 1601; x_wconf 76' lang='lat' dir='ltr'>Ismarus</span> <span class='ocrx_word' id='word_1_58' title='bbox 1313 1513 1467 1629; x_wconf 79' lang='lat' dir='ltr'>Orphea</span> 
     </span>
     <span class='ocr_line' id='line_1_10' title="bbox 384 1634 1473 1773; baseline 0.001 -30"><span class='ocrx_word' id='word_1_59' title='bbox 384 1640 387 1645; x_wconf 32' lang='lat'><em>¹</em></span> <span class='ocrx_word' id='word_1_60' title='bbox 408 1634 593 1769; x_wconf 77' lang='lat' dir='ltr'>Namque</span> <span class='ocrx_word' id='word_1_61' title='bbox 609 1660 776 1760; x_wconf 87' lang='lat' dir='ltr'>canebat,</span> <span class='ocrx_word' id='word_1_62' title='bbox 795 1661 850 1742; x_wconf 91' lang='lat' dir='ltr'>uti</span> <span class='ocrx_word' id='word_1_63' title='bbox 869 1636 1052 1769; x_wconf 84' lang='lat' dir='ltr'>magnum</span> <span class='ocrx_word' id='word_1_64' title='bbox 1067 1689 1133 1773; x_wconf 90' lang='lat' dir='ltr'>per</span> <span class='ocrx_word' id='word_1_65' title='bbox 1148 1662 1256 1744; x_wconf 90' lang='lat' dir='ltr'>inane</span> <span class='ocrx_word' id='word_1_66' title='bbox 1273 1662 1402 1744; x_wconf 74' lang='lat' dir='ltr'>coacta</span> <span class='ocrx_word' id='word_1_67' title='bbox 1422 1688 1473 1770; x_wconf 83' lang='lat'>3¹</span> 
     </span>
     <span class='ocr_line' id='line_1_11' title="bbox 411 1796 1436 1910; baseline -0.002 -29"><span class='ocrx_word' id='word_1_68' title='bbox 411 1799 562 1881; x_wconf 85' lang='lat' dir='ltr'>Semina</span> <span class='ocrx_word' id='word_1_69' title='bbox 572 1816 839 1909; x_wconf 87' lang='lat' dir='ltr'>terrarumque,</span> <span class='ocrx_word' id='word_1_70' title='bbox 853 1796 1087 1910; x_wconf 80' lang='lat' dir='ltr'>animaeque,</span> <span class='ocrx_word' id='word_1_71' title='bbox 1105 1802 1260 1883; x_wconf 90' lang='lat' dir='ltr'>marisve</span> <span class='ocrx_word' id='word_1_72' title='bbox 1272 1799 1436 1899; x_wconf 81' lang='lat' dir='ltr'>fuissent,</span> 
     </span>
     <span class='ocr_line' id='line_1_12' title="bbox 411 1932 1340 2055; baseline -0.005 -31"><span class='ocrx_word' id='word_1_73' title='bbox 411 1932 608 2055; x_wconf 67' lang='lat' dir='ltr'>Etliquidi</span> <span class='ocrx_word' id='word_1_74' title='bbox 626 1939 736 2020; x_wconf 88' lang='lat' dir='ltr'>srmul</span> <span class='ocrx_word' id='word_1_75' title='bbox 750 1939 869 2049; x_wconf 84' lang='lat' dir='ltr'>ignis:</span> <span class='ocrx_word' id='word_1_76' title='bbox 900 1938 1018 2020; x_wconf 86' lang='lat' dir='ltr'>uthis</span> <span class='ocrx_word' id='word_1_77' title='bbox 1037 1940 1189 2020; x_wconf 84' lang='lat' dir='ltr'>exordia</span> <span class='ocrx_word' id='word_1_78' title='bbox 1207 1940 1340 2051; x_wconf 90' lang='lat' dir='ltr'>primis</span> 
     </span>
     <span class='ocr_line' id='line_1_13' title="bbox 414 2077 1352 2189; baseline -0.002 -27"><span class='ocrx_word' id='word_1_79' title='bbox 414 2078 570 2179; x_wconf 80' lang='lat' dir='ltr'>Omnia&#39;,</span> <span class='ocrx_word' id='word_1_80' title='bbox 585 2077 712 2189; x_wconf 89' lang='lat' dir='ltr'>etipse</span> <span class='ocrx_word' id='word_1_81' title='bbox 728 2094 832 2160; x_wconf 88' lang='lat' dir='ltr'>tener</span> <span class='ocrx_word' id='word_1_82' title='bbox 845 2078 979 2159; x_wconf 92' lang='lat' dir='ltr'>mundi</span> <span class='ocrx_word' id='word_1_83' title='bbox 995 2080 1223 2161; x_wconf 86' lang='lat' dir='ltr'>concreverit</span> <span class='ocrx_word' id='word_1_84' title='bbox 1242 2078 1352 2161; x_wconf 89' lang='lat' dir='ltr'>orbis.</span> 
     </span>
    </p>
   </div>
   <div class='ocr_carea' id='block_1_5' title="bbox 169 2216 1474 2343">
    <p class='ocr_par' dir='ltr' id='par_1_6' title="bbox 169 2216 1474 2343">
     <span class='ocr_line' id='line_1_14' title="bbox 169 2216 1474 2343; baseline -0.005 -39"><span class='ocrx_word' id='word_1_85' title='bbox 169 2220 173 2230; x_wconf 82' lang='grc'><strong>’</strong></span> <span class='ocrx_word' id='word_1_86' title='bbox 321 2238 325 2247; x_wconf 88' lang='grc'>’</span> <span class='ocrx_word' id='word_1_87' title='bbox 412 2224 524 2343; x_wconf 86' lang='lat' dir='ltr'>Tum</span> <span class='ocrx_word' id='word_1_88' title='bbox 541 2218 673 2299; x_wconf 90' lang='lat' dir='ltr'>durare</span> <span class='ocrx_word' id='word_1_89' title='bbox 689 2216 826 2318; x_wconf 93' lang='lat' dir='ltr'>solum,</span> <span class='ocrx_word' id='word_1_90' title='bbox 844 2236 882 2299; x_wconf 90' lang='lat' dir='ltr'>et</span> <span class='ocrx_word' id='word_1_91' title='bbox 901 2219 1107 2301; x_wconf 88' lang='lat' dir='ltr'>discludere</span> <span class='ocrx_word' id='word_1_92' title='bbox 1122 2219 1250 2303; x_wconf 87' lang='lat' dir='ltr'>Nerea</span> <span class='ocrx_word' id='word_1_93' title='bbox 1262 2218 1384 2302; x_wconf 90' lang='lat' dir='ltr'>Ponto</span> <span class='ocrx_word' id='word_1_94' title='bbox 1422 2245 1474 2328; x_wconf 83' lang='lat'>3-</span> 
     </span>
    </p>
   </div>
   <div class='ocr_carea' id='block_1_6' title="bbox 5 3943 7 4635">
    <p class='ocr_par' dir='ltr' id='par_1_7' title="bbox 5 3943 7 4635">
     <span class='ocr_line' id='line_1_15' title="bbox 5 3943 7 4635; baseline 0 0"><span class='ocrx_word' id='word_1_95' title='bbox 5 3943 7 4635; x_wconf 95' lang='lat' dir='ltr'> </span> 
     </span>
    </p>
   </div>
   <div class='ocr_carea' id='block_1_7' title="bbox 407 2342 1474 4146">
    <p class='ocr_par' dir='ltr' id='par_1_8' title="bbox 411 2342 1474 3864">
     <span class='ocr_line' id='line_1_16' title="bbox 412 2342 1336 2475; baseline 0.004 -36"><span class='ocrx_word' id='word_1_96' title='bbox 412 2350 600 2475; x_wconf 72' lang='lat' dir='ltr'>Coeperit,</span> <span class='ocrx_word' id='word_1_97' title='bbox 618 2374 656 2437; x_wconf 90' lang='lat' dir='ltr'>et</span> <span class='ocrx_word' id='word_1_98' title='bbox 671 2385 798 2475; x_wconf 77' lang='lat' dir='ltr'>rerum</span> <span class='ocrx_word' id='word_1_99' title='bbox 810 2342 1005 2469; x_wconf 81' lang='lat' dir='ltr'>paullatim</span> <span class='ocrx_word' id='word_1_100' title='bbox 1023 2359 1167 2441; x_wconf 89' lang='lat' dir='ltr'>sumere</span> <span class='ocrx_word' id='word_1_101' title='bbox 1183 2359 1336 2443; x_wconf 73' lang='lat' dir='ltr'>fortnas·</span> 
     </span>
     <span class='ocr_line' id='line_1_17' title="bbox 411 2490 1451 2611; baseline -0.004 -28"><span class='ocrx_word' id='word_1_102' title='bbox 411 2490 576 2611; x_wconf 84' lang='lat' dir='ltr'>Jamque</span> <span class='ocrx_word' id='word_1_103' title='bbox 594 2526 738 2582; x_wconf 89' lang='lat' dir='ltr'>novum</span> <span class='ocrx_word' id='word_1_104' title='bbox 755 2517 797 2580; x_wconf 92' lang='lat' dir='ltr'>ut</span> <span class='ocrx_word' id='word_1_105' title='bbox 813 2518 928 2583; x_wconf 87' lang='lat' dir='ltr'>terrae</span> <span class='ocrx_word' id='word_1_106' title='bbox 945 2497 1115 2610; x_wconf 85' lang='lat' dir='ltr'>stupeant</span> <span class='ocrx_word' id='word_1_107' title='bbox 1128 2498 1308 2583; x_wconf 90' lang='lat' dir='ltr'>lucescere</span> <span class='ocrx_word' id='word_1_108' title='bbox 1317 2499 1451 2598; x_wconf 87' lang='lat' dir='ltr'>solem,</span> 
     </span>
     <span class='ocr_line' id='line_1_18' title="bbox 411 2635 1361 2748; baseline -0.003 -26"><span class='ocrx_word' id='word_1_109' title='bbox 411 2639 536 2722; x_wconf 85' lang='lat' dir='ltr'>Altius</span> <span class='ocrx_word' id='word_1_110' title='bbox 548 2655 659 2748; x_wconf 85' lang='lat' dir='ltr'>atque</span> <span class='ocrx_word' id='word_1_111' title='bbox 676 2635 810 2724; x_wconf 80' lang='lat' dir='ltr'>cadant</span> <span class='ocrx_word' id='word_1_112' title='bbox 826 2636 1007 2718; x_wconf 86' lang='lat' dir='ltr'>submotis</span> <span class='ocrx_word' id='word_1_113' title='bbox 1024 2636 1185 2719; x_wconf 89' lang='lat' dir='ltr'>nubibus</span> <span class='ocrx_word' id='word_1_114' title='bbox 1198 2637 1361 2719; x_wconf 84' lang='lat' dir='ltr'>imbres:</span> 
     </span>
     <span class='ocr_line' id='line_1_19' title="bbox 407 2771 1390 2897; baseline -0.003 -39.978"><span class='ocrx_word' id='word_1_115' title='bbox 407 2771 600 2888; x_wconf 80' lang='lat' dir='ltr'>Incipient</span> <span class='ocrx_word' id='word_1_116' title='bbox 615 2775 735 2886; x_wconf 87' lang='lat' dir='ltr'>sylvae</span> <span class='ocrx_word' id='word_1_117' title='bbox 752 2777 1025 2889; x_wconf 86' lang='lat' dir='ltr'>cumprimum</span> <span class='ocrx_word' id='word_1_118' title='bbox 1043 2775 1202 2886; x_wconf 84' lang='lat' dir='ltr'>surgere,</span> <span class='ocrx_word' id='word_1_119' title='bbox 1225 2802 1390 2897; x_wconf 88' lang='lat' dir='ltr'>cumque</span> 
     </span>
     <span class='ocr_line' id='line_1_20' title="bbox 414 2915 1474 3027; baseline -0.002 -29"><span class='ocrx_word' id='word_1_120' title='bbox 414 2918 516 2998; x_wconf 87' lang='lat' dir='ltr'>Rara</span> <span class='ocrx_word' id='word_1_121' title='bbox 533 2944 600 3027; x_wconf 91' lang='lat' dir='ltr'>per</span> <span class='ocrx_word' id='word_1_122' title='bbox 613 2917 759 3027; x_wconf 79' lang='lat' dir='ltr'>ignotos</span> <span class='ocrx_word' id='word_1_123' title='bbox 775 2933 897 2997; x_wconf 90' lang='lat' dir='ltr'>errent</span> <span class='ocrx_word' id='word_1_124' title='bbox 913 2915 1089 2999; x_wconf 82' lang='lat' dir='ltr'>animalia</span> <span class='ocrx_word' id='word_1_125' title='bbox 1105 2933 1264 2998; x_wconf 91' lang='lat' dir='ltr'>montes.</span> <span class='ocrx_word' id='word_1_126' title='bbox 1427 2944 1474 3020; x_wconf 87' lang='lat'>4·</span> 
     </span>
     <span class='ocr_line' id='line_1_21' title="bbox 415 3053 1332 3175; baseline -0.004 -36"><span class='ocrx_word' id='word_1_127' title='bbox 415 3057 520 3139; x_wconf 91' lang='lat' dir='ltr'>Hinc</span> <span class='ocrx_word' id='word_1_128' title='bbox 538 3055 677 3168; x_wconf 83' lang='lat' dir='ltr'>lapides</span> <span class='ocrx_word' id='word_1_129' title='bbox 697 3053 860 3165; x_wconf 85' lang='lat' dir='ltr'>Pyrrhae</span> <span class='ocrx_word' id='word_1_130' title='bbox 870 3057 1002 3166; x_wconf 67' lang='lat' dir='ltr'>jadus,</span> <span class='ocrx_word' id='word_1_131' title='bbox 1022 3057 1190 3138; x_wconf 89' lang='lat' dir='ltr'>Saturnia</span> <span class='ocrx_word' id='word_1_132' title='bbox 1207 3083 1332 3175; x_wconf 86' lang='lat' dir='ltr'>regna,</span> 
     </span>
     <span class='ocr_line' id='line_1_22' title="bbox 412 3189 1472 3308; baseline -0.008 -30"><span class='ocrx_word' id='word_1_133' title='bbox 412 3195 689 3308; x_wconf 87' lang='lat' dir='ltr'>Caucaseasque</span> <span class='ocrx_word' id='word_1_134' title='bbox 700 3195 811 3276; x_wconf 89' lang='lat' dir='ltr'>refert</span> <span class='ocrx_word' id='word_1_135' title='bbox 824 3193 1004 3293; x_wconf 88' lang='lat' dir='ltr'>volucres,</span> <span class='ocrx_word' id='word_1_136' title='bbox 1021 3194 1241 3305; x_wconf 87' lang='lat' dir='ltr'>furtumque</span> <span class='ocrx_word' id='word_1_137' title='bbox 1257 3189 1472 3274; x_wconf 90' lang='lat' dir='ltr'>Promethei</span> 
     </span>
     <span class='ocr_line' id='line_1_23' title="bbox 418 3332 1383 3442; baseline -0.005 -27"><span class='ocrx_word' id='word_1_138' title='bbox 418 3332 494 3415; x_wconf 88' lang='lat' dir='ltr'>His</span> <span class='ocrx_word' id='word_1_139' title='bbox 511 3335 689 3441; x_wconf 84' lang='lat' dir='ltr'>adjungit,</span> <span class='ocrx_word' id='word_1_140' title='bbox 710 3333 840 3440; x_wconf 88' lang='lat' dir='ltr'>Hylan</span> <span class='ocrx_word' id='word_1_141' title='bbox 857 3352 988 3414; x_wconf 85' lang='lat' dir='ltr'>nautae</span> <span class='ocrx_word' id='word_1_142' title='bbox 1006 3363 1083 3442; x_wconf 93' lang='lat' dir='ltr'>quo</span> <span class='ocrx_word' id='word_1_143' title='bbox 1095 3333 1200 3415; x_wconf 87' lang='lat' dir='ltr'>sonte</span> <span class='ocrx_word' id='word_1_144' title='bbox 1211 3332 1383 3413; x_wconf 77' lang='lat' dir='ltr'>relidtum</span> 
     </span>
     <span class='ocr_line' id='line_1_24' title="bbox 419 3470 1403 3581; baseline 0 -29"><span class='ocrx_word' id='word_1_145' title='bbox 419 3471 666 3569; x_wconf 76' lang='lat' dir='ltr'>Clamassent3</span> <span class='ocrx_word' id='word_1_146' title='bbox 699 3489 741 3549; x_wconf 92' lang='lat' dir='ltr'>ut</span> <span class='ocrx_word' id='word_1_147' title='bbox 755 3470 854 3568; x_wconf 85' lang='lat' dir='ltr'>litus,</span> <span class='ocrx_word' id='word_1_148' title='bbox 868 3470 986 3579; x_wconf 85' lang='lat' dir='ltr'>Hyla,</span> <span class='ocrx_word' id='word_1_149' title='bbox 1007 3472 1112 3581; x_wconf 92' lang='lat' dir='ltr'>Hyla</span> <span class='ocrx_word' id='word_1_150' title='bbox 1123 3501 1236 3554; x_wconf 89' lang='lat' dir='ltr'>omne</span> <span class='ocrx_word' id='word_1_151' title='bbox 1250 3471 1403 3552; x_wconf 89' lang='lat' dir='ltr'>sonaret.</span> 
     </span>
     <span class='ocr_line' id='line_1_25' title="bbox 420 3608 1474 3727; baseline -0.005 -34"><span class='ocrx_word' id='word_1_152' title='bbox 420 3613 473 3693; x_wconf 90' lang='lat' dir='ltr'>Et</span> <span class='ocrx_word' id='word_1_153' title='bbox 490 3609 729 3707; x_wconf 86' lang='lat' dir='ltr'>fortunatam,</span> <span class='ocrx_word' id='word_1_154' title='bbox 744 3608 771 3689; x_wconf 84' lang='lat' dir='ltr'>fi</span> <span class='ocrx_word' id='word_1_155' title='bbox 791 3637 986 3720; x_wconf 86' lang='lat' dir='ltr'>nunquam</span> <span class='ocrx_word' id='word_1_156' title='bbox 1003 3630 1170 3694; x_wconf 88' lang='lat' dir='ltr'>armenta</span> <span class='ocrx_word' id='word_1_157' title='bbox 1188 3609 1346 3727; x_wconf 73' lang='lat' dir='ltr'>firilient,</span> <span class='ocrx_word' id='word_1_158' title='bbox 1429 3639 1474 3716; x_wconf 88' lang='lat'>4·</span> 
     </span>
     <span class='ocr_line' id='line_1_26' title="bbox 419 3749 1198 3864; baseline 0.001 -29"><span class='ocrx_word' id='word_1_159' title='bbox 419 3750 623 3863; x_wconf 74' lang='lat' dir='ltr'>Pasiphaen</span> <span class='ocrx_word' id='word_1_160' title='bbox 638 3750 736 3833; x_wconf 89' lang='lat' dir='ltr'>nivei</span> <span class='ocrx_word' id='word_1_161' title='bbox 752 3749 887 3834; x_wconf 87' lang='lat' dir='ltr'>solatur</span> <span class='ocrx_word' id='word_1_162' title='bbox 900 3781 1028 3837; x_wconf 90' lang='lat' dir='ltr'>amore</span> <span class='ocrx_word' id='word_1_163' title='bbox 1036 3752 1198 3864; x_wconf 86' lang='lat' dir='ltr'>juvenci.</span> 
     </span>
    </p>

    <p class='ocr_par' dir='ltr' id='par_1_9' title="bbox 422 3890 1306 4146">
     <span class='ocr_line' id='line_1_27' title="bbox 422 3890 1280 4006; baseline 0.006 -33"><span class='ocrx_word' id='word_1_164' title='bbox 422 3890 503 3991; x_wconf 91' lang='lat' dir='ltr'>Ah,</span> <span class='ocrx_word' id='word_1_165' title='bbox 518 3894 622 4001; x_wconf 83' lang='lat' dir='ltr'>virgo</span> <span class='ocrx_word' id='word_1_166' title='bbox 639 3890 782 3990; x_wconf 85' lang='lat' dir='ltr'>infelix,</span> <span class='ocrx_word' id='word_1_167' title='bbox 795 3918 890 4001; x_wconf 89' lang='lat' dir='ltr'>quae</span> <span class='ocrx_word' id='word_1_168' title='bbox 904 3910 940 3973; x_wconf 91' lang='lat' dir='ltr'>te</span> <span class='ocrx_word' id='word_1_169' title='bbox 957 3893 1144 3976; x_wconf 88' lang='lat' dir='ltr'>dementia</span> <span class='ocrx_word' id='word_1_170' title='bbox 1154 3895 1280 4006; x_wconf 82' lang='lat' dir='ltr'>cepit?</span> 
     </span>
     <span class='ocr_line' id='line_1_28' title="bbox 423 4029 1306 4146; baseline 0.002 -33"><span class='ocrx_word' id='word_1_171' title='bbox 423 4032 613 4113; x_wconf 80' lang='lat' dir='ltr'>Proetides</span> <span class='ocrx_word' id='word_1_172' title='bbox 626 4029 830 4143; x_wconf 91' lang='lat' dir='ltr'>implerunt</span> <span class='ocrx_word' id='word_1_173' title='bbox 843 4029 938 4113; x_wconf 86' lang='lat' dir='ltr'>fallis</span> <span class='ocrx_word' id='word_1_174' title='bbox 950 4035 1157 4143; x_wconf 88' lang='lat' dir='ltr'>mugitibus</span> <span class='ocrx_word' id='word_1_175' title='bbox 1174 4062 1306 4146; x_wconf 86' lang='lat' dir='ltr'>agros:</span> 
     </span>
    </p>
   </div>
   <div class='ocr_carea' id='block_1_8' title="bbox 424 4167 1461 4391">
    <p class='ocr_par' dir='ltr' id='par_1_10' title="bbox 424 4167 1461 4391">
     <span class='ocr_line' id='line_1_29' title="bbox 424 4167 1452 4284; baseline -0.004 -32"><span class='ocrx_word' id='word_1_176' title='bbox 424 4175 480 4253; x_wconf 90' lang='lat' dir='ltr'>At</span> <span class='ocrx_word' id='word_1_177' title='bbox 499 4199 576 4256; x_wconf 90' lang='lat' dir='ltr'>non</span> <span class='ocrx_word' id='word_1_178' title='bbox 593 4188 814 4284; x_wconf 7' lang='lat' dir='ltr'>tamyturpes</span> <span class='ocrx_word' id='word_1_179' title='bbox 827 4170 1019 4281; x_wconf 89' lang='lat' dir='ltr'>pecudum</span> <span class='ocrx_word' id='word_1_180' title='bbox 1030 4192 1156 4258; x_wconf 86' lang='lat' dir='ltr'>tamen</span> <span class='ocrx_word' id='word_1_181' title='bbox 1171 4171 1247 4258; x_wconf 88' lang='lat' dir='ltr'>ulla</span> <span class='ocrx_word' id='word_1_182' title='bbox 1260 4167 1380 4252; x_wconf 79' lang='lat' dir='ltr'>secuta</span> <span class='ocrx_word' id='word_1_183' title='bbox 1399 4169 1452 4249; x_wconf 85' lang='lat' dir='ltr'>est</span> 
     </span>
     <span class='ocr_line' id='line_1_30' title="bbox 1227 4306 1461 4391; baseline -0.021 1"><span class='ocrx_word' id='word_1_184' title='bbox 1227 4306 1461 4391; x_wconf 87' lang='lat' dir='ltr'>Concubitus</span> 
     </span>
    </p>
   </div>
   <div class='ocr_carea' id='block_1_9' title="bbox 0 0 1478 5078">
    <p class='ocr_par' dir='ltr' id='par_1_11' title="bbox 0 0 1478 5078">
     <span class='ocr_line' id='line_1_31' title="bbox 0 0 1478 5078; baseline 0 0"><span class='ocrx_word' id='word_1_185' title='bbox 0 0 1478 5078; x_wconf 95' lang='lat' dir='ltr'> </span> 
     </span>
    </p>
   </div>
  </div>
 </body>
</html>
