2948 5078
472 354 965 446 Hrsrourn,

196 558 355 671 sparum
384 553 480 634 nuo
509 553 656 634 triennii
682 552 779 631 circa
804 503 1049 631 consultum
1078 550 1260 639 nononis

198 698 353 778 omnino
377 692 449 774 effe
466 693 754 774 numerandtun.
813 687 926 770 Adde
943 690 1052 796 quod.
1061 692 1164 774 idem
1179 698 1256 808 ipse

197 835 429 949 Pomponius
448 833 650 943 Virgilium
668 833 767 911 dicat
793 828 941 909 edidiffe
958 830 1134 915 Bucolica
1158 867 1270 921 anno

197 978 321 1058 aetatis
336 1003 405 1086 ²3·
420 991 485 1053 aut
501 1002 570 1080 24.
602 971 744 1052 Probus
761 987 800 1049 et
810 968 1028 1068 Paedianus,
1055 1003 1153 1056 anno
1183 982 1256 1068 28.
1389 996 1394 1012 ·

200 1116 356 1210 Servius,
391 1139 488 1191 anno
511 1140 581 1221 29·
614 1110 733 1218 Atqui
753 1106 939 1187 divifionis
967 1110 1142 1194 Arriaca
1158 1134 1258 1198 tem.

198 1280 286 1360 pore
302 1277 418 1332 annm
434 1249 650 1330 numerabat
666 1249 798 1360 plenos
811 1242 921 1354 atque
941 1245 1101 1355 integros
1119 1278 1258 1340 novem

199 1416 257 1471 acr
280 1387 446 1494 triginta:
490 1387 593 1494 quod
617 1385 800 1466 incuriam
825 1382 1045 1491 scriptorum
1076 1387 1258 1492 ejulinodi

200 1524 439 1605 manifestam
462 1523 563 1606 facit.

265 1662 387 1771 Igitur
405 1661 455 1739 fic
468 1659 597 1741 statuo.
630 1657 831 1766 Virgilium
844 1658 974 1738 Alinio
990 1661 1162 1766 Pollioni,
1175 1685 1273 1752 tum.

203 1806 242 1886 in
260 1801 385 1883 Gallia
401 1798 585 1908 Cisalpina
602 1815 639 1879 et
658 1799 825 1902 Venetia,
870 1800 975 1908 cujus
999 1830 1083 1910 pars
1098 1807 1152 1889 est
1173 1839 1273 1920 ager·

199 1943 444 2035 Mantuanus,
457 1965 549 2020 cum
565 1939 722 2050 imperio
741 1938 905 2035 versanti,
927 1940 1000 2020 five
1017 1970 1084 2051 per
1097 1946 1258 2055 Varum,

200 2112 368 2194 quocum
404 2077 661 2191 philosophiae
682 2079 880 2178 studuerat,
932 2081 1004 2163 five
1026 2112 1091 2194 per
1116 2090 1261 2173 Corne.

199 2223 297 2304 lium
308 2218 480 2316 Gallum,
508 2220 581 2299 live
594 2246 660 2329 per
672 2219 831 2329 seipsum
841 2220 1054 2305 innotuiffe:
1085 2254 1151 2336 per
1171 2228 1262 2310 Pol.

201 2361 344 2442 lionem
363 2359 670 2440 commendatum
691 2358 761 2439 effe
784 2359 1019 2442 Maecenati:
1062 2392 1127 2472 per
1155 2365 1260 2450 hunc

201 2499 249 2582 ad
267 2498 462 2580 octaviani
481 2499 636 2606 gratiam
654 2497 841 2608 irrepfiffe.
903 2501 1133 2609 Qanquam
1157 2510 1261 2589 enim

202 2656 292 2720 tunc
317 2637 541 2718 diversarum
556 2656 658 2718 erant
671 2638 833 2746 partium
852 2636 1051 2720 Maecenas
1068 2660 1105 2720 et
1119 2644 1260 2745 Pollio;

204 2779 405 2862 fimilitudo
415 2794 542 2858 tameo
554 2777 761 2860 studiorum
774 2795 812 2858 et
827 2805 944 2890 aequa
958 2779 1148 2888 probitatis
1160 2784 1264 2871 fama

206 2918 254 3000 lic
271 2938 476 3027 utrumque
488 2917 657 3018 sociabat,
706 2936 749 2998 ut
778 2946 876 2998 anno
894 2921 1065 3028 proxime
1090 2924 1262 3035 sequente

205 3055 410 3137 administri
426 3055 676 3137 andufinae
689 3058 789 3167 pacis
802 3084 875 3136 una
887 3057 1044 3138 adhibiti
1057 3061 1136 3144 srnt.
1168 3067 1263 3145 Cer·

206 3211 244 3273 te
267 3191 441 3275 Pollionis
455 3194 494 3272 in
508 3190 713 3297 Virgilium
730 3193 853 3297 priora
865 3191 971 3271 fuisse
989 3195 1132 3293 merita,
1151 3199 1264 3280 Mae.

205 3332 341 3415 certatis
360 3333 516 3444 potiora,
560 3329 619 3410 vel
642 3357 685 3409 ea
714 3356 770 3409 res
803 3327 934 3438 probat
945 3368 958 3426 ;
1006 3335 1110 3441 quod
1126 3339 1266 3447 priora

207 3474 365 3584 Virgilio
378 3475 493 3585 gratia
506 3470 678 3569 Pollioni,
710 3472 829 3580 major
841 3471 1053 3556 Maecenati
1066 3477 1177 3562 relata
1195 3484 1263 3567 stt:

206 3613 349 3725 Ecloga
368 3612 478 3694 unica
498 3638 590 3692 mox
607 3611 647 3689 in
659 3610 757 3690 illius
773 3608 957 3693 honorem
973 3613 1098 3712 edita;
1143 3620 1265 3701 Geor.

206 3752 296 3862 gicis
310 3750 447 3832 deinde
464 3746 565 3828 libris
582 3764 739 3858 quatuor
752 3746 862 3857 hujus
879 3751 1024 3830 nomini
1034 3758 1264 3865 nuncupatis.

266 3891 400 3970 Fretus
431 3914 476 3969 ea
503 3888 826 3970 commendatione
851 3886 1041 3994 Virgilius,
1090 3919 1195 3999 agros
1225 3910 1267 3974 ut
1376 3945 1380 3953 ·

207 4028 387 4138 reciperet
404 4030 498 4133 suos,
532 4030 699 4111 Romam
727 4029 793 4110 sub
818 4028 905 4108 anni
924 4027 1035 4138 hujus
1057 4030 1160 4112 initia
1189 4036 1267 4141 pri-

206 4198 320 4254 mum
333 4172 443 4289 venit.
503 4169 647 4296 Qidni
674 4169 776 4253 enirn
794 4156 954 4289 Virgilio
971 4168 1018 4252 de
1035 4169 1072 4254 se
1090 4169 1179 4254 fides
1197 4171 1267 4253 ha-

1118 4309 1267 4391 beatur?
