2948 5078
312 337 375 408 ιο
479 307 531 401 Ρ.
566 305 843 400 Vtinam
880 301 1165 405 Menoetae
1228 305 1237 314 ’

302 516 385 598 ΡΑ.
414 508 566 593 Dicite:
598 505 907 618 quandoquidem
937 506 978 588 in
997 508 1107 591 molli
1140 512 1376 601 consedimut

465 646 628 731 ‘herbm
1318 686 1341 769 5
1348 687 1372 770 5

299 789 352 871 Et
366 814 467 868 nunc
481 782 605 868 oinnis
622 809 722 894 ager,
739 811 842 884 nunc
859 786 983 867 onmis
1000 789 1156 897 patttuit
1170 790 1299 875 arbos:

297 929 418 1013 Nunc
434 929 609 1043 fronduit
623 926 758 1036 sylvae,
780 954 882 1009 nunc
893 927 1177 1012 formofiffimus
1195 960 1324 1016 annus.

297 1069 441 1180 Incipe,
458 1070 668 1151 Damoeta:
700 1085 743 1147 tu
755 1066 891 1149 deinde
906 1067 1069 1177 sequere,
1090 1069 1280 1163 Menalca.

296 1209 463 1291 Alternia
480 1207 632 1290 dicetis:
662 1224 792 1288 amant
805 1205 944 1288 alterna
959 1209 1161 1292 Camenae.

137 1461 139 1465 Α
296 1345 429 1429 Dnna.
459 1344 526 1425 Ab
547 1345 642 1450 Jove
658 1343 901 1456 ptiucipium,
931 1344 1091 1433 Musae:
1122 1349 1228 1457 Jovis
1241 1352 1370 1432 omnia

468 1480 617 1592 :plcmt
741 1496 746 1503 ’
1311 1496 1368 1576 60

295 1618 1119 1720 lllecolitterras‚illimeacarminacurae.
1254 1633 1258 1637 ’

295 1759 390 1843 Mu.
424 1758 476 1838 Et
500 1787 565 1843 me
583 1757 761 1842 Phoebus
788 1720 919 1843 antit:
957 1759 1116 1845 Phoebo
1136 1764 1200 1846 sua
1224 1767 1371 1876 semper

388 1983 392 1991 .
455 1980 459 1985 ,
478 1897 579 2009 apud
597 1924 661 1978 me

293 2036 472 2123 Munera:
485 2037 580 2140 lunt,
599 2036 704 2137 latui,
721 2053 760 2119 et
776 2034 885 2118 suave
899 2036 1035 2119 rubent
1052 2035 1290 2148 hyacinthus.

292 2160 428 2277 ΠΜ.
458 2181 571 2267 Malo
600 2208 665 2263 me
684 2178 841 2260 Galatea
856 2177 962 2288 petit,
980 2177 1112 2261 lasciva
1128 2183 1272 2292 puella:
1354 2261 1357 2267 .

292 2319 346 2401 Et
360 2319 459 2428 fugit
473 2320 522 2402 ad
541 2319 678 2418 salines,
691 2337 730 2400 et
749 2318 786 2402 se
805 2318 910 2428 cupit
923 2335 1009 2399 ante
1022 2319 1151 2405 videri.
1308 2331 1332 2408 6
1339 2354 1363 2437 ς

291 2459 487 2547 Manat
500 2459 598 2545 mihi
610 2461 682 2544 sese
695 2459 806 2542 offert
818 2458 918 2540 ultro
934 2486 1044 2541 meus
1052 2460 1148 2571 ignia
1159 2464 1364 2571 Amyntas:

282 2595 432 2703 ¹Notior
445 2619 494 2688 ‚ut
505 2574 589 2711 jam
608 2602 655 2683 lit
669 2600 824 2681 canibus
841 2625 919 2679 non
931 2598 1043 2681 Delia
1059 2599 1203 2681 noſtris.

290 2738 499 2831 Dalana
511 2740 764 2822 meaeVeneri
778 2738 1046 2821 suntmunera:
1066 2745 1366 2850 namquenotavi

291 2876 374 2989 Ipse
389 2878 531 2978 locum,
543 2882 662 2965 aeriae
675 2910 755 2991 quo
771 2877 980 2988 congelsere
995 2879 1205 2988 palumbes.

289 3015 417 3112 Mun.
433 3021 550 3128 Qod
558 3022 675 3130 potui,
682 3047 800 3132 puero
807 3016 970 3129 sylvestri
987 3020 1174 3102 exatbore
1193 3017 1288 3101 letla
1304 3049 1362 3135 70

255 3240 256 3243 i
288 3157 417 3240 Aurea
433 3159 681 3244 maladecem
698 3159 795 3259 mifi,
809 3185 888 3240 cras
906 3155 1020 3238 altera
1033 3159 1196 3240 mittam.
1237 3225 1239 3228 ,
1318 3215 1320 3219 ⁷

291 3295 422 3376 Dana.
455 3301 493 3375 O
506 3302 664 3405 quoties,
689 3316 725 3377 et
738 3325 835 3407 quae
850 3297 958 3378 nubis
971 3294 1128 3378 Galatea
1148 3297 1272 3377 locuta
1286 3297 1362 3380 estl

288 3435 440 3535 ¹Partem
458 3436 638 3544 aliquam,
654 3440 767 3534 venti,
781 3437 915 3515 divum
934 3435 1098 3515 referatis
1117 3437 1166 3516 ad
1183 3464 1300 3520 auree.

281 3574 538 3684 ManQid
556 3576 718 3688 prodest,
738 3575 841 3684 quod
858 3602 922 3656 me
934 3575 1009 3686 ipse
1026 3577 1155 3657 animo
1168 3602 1245 3657 non
1262 3579 1364 3688 sper-

246 3765 250 3774 ·
289 3769 291 3775 s
471 3717 541 3817 nis,
558 3721 741 3828 Amynta,
1340 3821 1343 3827 Ι

289 3855 338 3954 Si,
360 3849 455 3933 dum
474 3874 514 3936 tu
531 3856 674 3936 setiaris
695 3883 812 3964 apros,
832 3881 902 3962 ego
916 3853 1006 3934 retia
1020 3852 1154 3938 servo?
1302 3888 1359 3970 75

286 3997 418 4097 Dana.
436 3994 609 4105 Phyllida
629 3997 736 4077 mitte
755 3993 878 4077 mihi:
910 4022 1019 4076 meus
1039 3995 1092 4075 est
1113 3996 1256 4098 natalis,
1268 3999 1359 4080 lola.

288 4137 395 4223 Cum¹
409 4136 545 4220 faciam
559 4136 672 4220 vitula
690 4166 759 4249 pro
779 4134 961 4246 frugibus,
983 4134 1056 4248 ipse
1071 4138 1206 4222 venito.

1230 4276 1356 4361 Mun.
