2948 5078
432 344 764 440 Buconica,
799 286 932 439 Eos.
961 344 1023 439 ll.
1231 374 1281 481 3·

185 544 342 649 Affidue
359 544 554 629 veniebam
584 545 638 626 ibi
655 544 750 628 haec
768 543 959 630 incondita
974 547 1074 632 solut

184 684 562 798 Montibusetlylvis
574 682 698 767 studio
708 685 998 795 Jastabattnant.
1231 723 1264 811 ς

185 830 224 910 0
243 826 403 913 crudelis
416 828 546 931 Alexi,
577 826 673 910 nihil
687 854 773 911 mer
784 828 952 910 carmina
963 839 1099 919 curas?

183 970 253 1053 Nil
268 969 384 1052 nostri
400 968 571 1052 miserere
585 974 600 1053 i
632 969 732 1051 mori
749 997 815 1052 me
830 970 994 1082 denique
1010 1001 1135 1086 noges.

182 1111 225 1195 N
226 1140 301 1195 unc
311 1112 426 1193 etiam
443 1111 605 1221 pecudes
623 1110 775 1191 umbras
792 1128 831 1192 et
846 1109 985 1221 frigora
1001 1088 1151 1230 captant
1165 1151 1176 1205 r

182 1251 302 1336 Nunc
314 1252 571 1334 viridcsetiam
590 1249 780 1332 occultant
791 1249 933 1361 spineta
948 1251 1123 1344 lacertos:

182 1393 376 1503 Thestylis
392 1413 430 1474 et
449 1395 579 1505 rapido
592 1392 690 1476 feffis
703 1391 921 1474 melioribus
939 1394 1043 1476 aestu
1199 1432 1254 1498 10

185 1533 289 1626 Allia
309 1533 588 1643 serpyllumque
606 1532 740 1625 herbas
757 1533 953 1616 contundit
965 1535 1120 1629 olentes.

182 1677 238 1754 At
254 1652 411 1756 mecum
430 1674 561 1773 raucis,
604 1672 780 1753 madum
791 1672 940 1783 vestigia
960 1674 1087 1782 lustro,

181 1815 267 1897 Sole
284 1816 352 1897 sub
371 1815 513 1899 ardenti
532 1813 701 1894 resonant
714 1814 859 1894 arbusta
875 1816 1024 1907 cicadis.

178 1955 320 2036 Nonne
331 1953 403 2040 fuit
422 1953 545 2051 satius,
576 1952 694 2035 tristes
710 1952 953 2062 Amaryllidis
971 1956 1055 2058 iras,

101 2149 105 2155 -
180 2096 310 2205 Atque
330 2095 485 2204 superba
508 2096 585 2205 pati
598 2092 766 2177 fastidia?
795 2122 919 2175 nonne
933 2096 1161 2186 Menalcan?
1199 2135 1216 2191 r
1226 2135 1253 2223 ς

183 2236 368 2341 Quamvis
382 2234 444 2314 ille
458 2236 575 2344 niger,
595 2233 766 2344 quamvis
781 2252 823 2314 tu
838 2234 1018 2321 candidus
1032 2232 1133 2327 effer.

183 2376 221 2454 0
235 2373 398 2457 formose
416 2402 522 2485 puer,
554 2375 720 2456 nimium
741 2403 789 2456 ne
807 2378 916 2458 crede
928 2379 1059 2466 colori.

179 2513 280 2595 Alba
297 2513 447 2626 ligustra
465 2515 615 2612 cadunt,
643 2516 809 2597 vaccinia
821 2516 927 2626 nigra
943 2516 1129 2628 legunture

181 2655 388 2767 Despestus
405 2656 472 2736 tibi
491 2657 589 2755 sum,
622 2683 692 2737 nec
711 2656 777 2765 qui
789 2655 859 2736 lim
874 2659 1033 2764 quaeris,
1061 2661 1197 2745 Alexi:

179 2800 310 2901 Quam
323 2799 424 2879 dives
436 2800 579 2910 pecoris
593 2799 705 2898 nivei,
719 2797 1168 2907 quamlaetisabundans.
1191 2830 1248 2890 ao

180 2939 293 3023 Mille
311 2969 416 3023 meae
429 2942 560 3023 Siculis
573 2960 693 3022 errant
710 2942 750 3021 in
771 2942 964 3024 montibus
980 2973 1120 3053 agnae:

179 3080 257 3163 Lac
277 3080 373 3162 mihi
390 3110 467 3162 non
479 3081 611 3161 aestate
623 3108 779 3176 novum,
810 3109 888 3162 non
900 3080 1038 3187 frigore
1052 3083 1155 3166 defit.

178 3221 312 3320 Canto,
345 3250 443 3332 quae
461 3221 600 3316 solitus,
633 3220 659 3297 fi
679 3219 832 3326 quando
849 3237 1017 3299 armenta
1035 3222 1202 3322 vocabat,

177 3361 377 3474 Amphion
392 3363 571 3444 Dircaeus
588 3359 626 3440 in
641 3362 784 3439 Actaeo
796 3357 1030 3463 Aracyntho.

176 3503 263 3585 Nec
280 3503 364 3585 sum
378 3504 471 3594 adeo
483 3502 674 3586 informis:
695 3528 815 3612 nuper
827 3528 891 3583 me
906 3501 945 3584 in
958 3501 1065 3584 litore
1083 3502 1172 3604 vidi,
1185 3530 1207 3589 a
1217 3528 1241 3617 5

175 3647 279 3726 Cum
287 3646 479 3756 placidum
487 3648 604 3727 ventis
611 3645 719 3725 staret
729 3672 852 3726 mare:
866 3672 943 3725 non
950 3674 1023 3754 ego
1032 3644 1243 3758 Daphnim,

176 3785 313 3891 Judice
328 3808 367 3869 te
386 3806 568 3891 mensaru,
601 3788 629 3868 fi
647 3815 842 3895 nunquam
860 3785 963 3868 fallat
977 3790 1117 3900 imago.

176 3925 218 4007 0
234 3943 381 4012 tantum
396 3928 508 4013 libeat
524 3956 680 4011 mecum
696 3928 765 4009 tibi
785 3927 930 4009 sordida
943 3957 1028 4015 rura

175 4068 308 4177 Atque
317 4068 480 4154 humilei
498 4070 664 4155 habitare
680 4070 791 4169 casas,
821 4087 861 4150 et
876 4068 990 4179 figere
1004 4099 1145 4171 cervos,
1184 4127 1192 4137 -

173 4207 479 4325 Hoedorumque
491 4213 756 4326 gregemvlridi
764 4211 990 4323 compellere
1004 4211 1168 4297 hibisco!
1186 4244 1242 4326 30

723 4350 813 4464 133
1078 4351 1244 4437 Mecum
