2948 5078
532 313 625 412 Hr
649 346 674 413 s.
695 347 728 413 ι·
753 350 785 414 0
811 324 885 413 ιιι
905 330 952 416 a.

207 510 538 649 e'ttntsubstitisietr
568 514 656 602 inde
667 516 793 603 statim
803 516 1089 624 abitinAsiant,
1107 523 1282 621 ubireh'ss.

207 680 328 768 qnam
342 650 525 769 hyemem
542 659 713 759 traducit,
751 657 967 743 instruendo
982 657 1074 744 belli
1093 662 1281 777 Aegyptii

204 816 398 912 ‘PPfflltu

265 941 441 1024 Falsum
428 960 554 1051 rgrtur
572 941 704 1053 quod
691 970 732 1023 ιιι
745 942 820 1025 vita
833 940 1150 1054 Virgiliilegitur.
1168 876 1276 1035 hund

205 1079 349 1173 Caesari
366 1110 415 1163 ert
427 1081 586 1162 utriaco
596 1080 697 1163 bello
710 1081 858 1181 reduci,
871 1098 911 1162 et
921 1082 969 1162 ad
979 1082 1251 1166 reficiendas
1213 1112 1276 1174 vr

205 1245 266 1301 res
278 1220 439 1322 Atellae,
460 1249 555 1331 quae
576 1221 664 1302 urbs
680 1219 735 1302 est
748 1220 994 1331 Campaniae,
1009 1223 1278 1326 commoranti,

205 1355 330 1469 legisse
346 1361 551 1470 Georgica:
584 1363 804 1443 Maecenate
817 1358 1034 1473 suscipiente
1047 1348 1204 1471 legendi
1213 1363 1275 1448 vi-

205 1499 287 1597 eea,
318 1498 463 1607 quoties
481 1499 513 1578 is
524 1500 624 1579 vocis
641 1499 842 1581 offensione
859 1499 1160 1610 interpellaretur.
1176 1506 1274 1595 ,Aut

208 1633 248 1733 id
270 1637 299 1719 fi
319 1665 455 1719 verum
473 1636 547 1734 est,
597 1664 673 1717 non
693 1637 778 1747 post
791 1639 996 1721 actiacum
1012 1638 1170 1742 bellum,
1194 1643 1274 1735 ,sed

203 1774 291 1889 post
304 1775 542 1885 Aegyptium
555 1774 696 1858 necesse
707 1774 764 1866 ,est
782 1773 962 1859 accidisse.
1009 1856 1013 1865 ,
1213 1797 1222 1811 ’

261 1916 546 2016 Alexandriam,
562 1919 727 2026 Aegypti
739 1919 895 2027 regiam,
916 1919 1141 2003 ottavianus
1158 1922 1273 2034 capit,

202 2057 331 2139 mense
348 2057 491 2156 Sextili,
510 2058 576 2166 qui
589 2055 725 2160 deinde
756 2057 950 2167 Augustus
970 2053 1181 2170 appellatus
1202 2063 1271 2157 est,

204 2198 317 2280 Tum
330 2198 546 2310 Cleopatrae
559 2215 597 2279 et
610 2198 767 2279 Antonii
776 2198 882 2281 obitu
891 2198 990 2282 solus
1001 2200 1273 2297 universatis

202 2339 343 2449 potitus
363 2338 540 2452 imperio:
563 2339 732 2450 primunr
751 2329 915 2449 Aegypti
928 2339 1177 2449 praefeduyn,
1200 2339 1274 2427 sub

202 2478 448 2591 procuratoris
466 2479 633 2575 nomine,
667 2475 824 2573 instituit
839 2467 1075 2583 -Cnrnelipm
1094 2478 1268 2584 Gallum,

164 2728 168 2735 Δ
201 2641 307 2724 eum,
315 2619 364 2701 de
374 2648 452 2731 quo
463 2619 609 2701 decima
621 2618 765 2728 Ecloga
774 2616 906 2729 scripta
915 2616 984 2701 est.
1014 2617 1108 2697 Inde
1116 2619 1269 2715 Ostavi-

202 2783 293 2852 anus
302 2785 370 2870 per
378 2759 523 2866 Syriam
537 2758 720 2840 inAssam
735 2755 1268 2870 revertitur,ibidemquebye-

202 2910 290 3009 mat.
304 2926 383 2981 non
408 2898 521 3012 longe
546 2901 595 2982 ab
623 2897 836 3011 Euphrate:
883 2880 970 2981 tum
992 2898 1204 2995 Tiridatem
1228 2917 1270 3015 et

200 3035 403 3119 Phraatem
419 3038 469 3119 de
493 3066 609 3148 regno
626 3037 798 3121 Parthiae
814 3038 1077 3137 contendentes
1092 3038 1266 3144 vietoriae

200 3175 285 3260 suae
293 3196 433 3271 terrore
440 3176 670 3287 composuit:
690 3193 774 3255 tum
785 3173 1272 3283 deniquedivinoshnnorea,

200 3314 535 3439 nffedtavitpalanr,
567 3314 808 3429 permisitque
819 3313 886 3394 fibi
899 3313 1040 3427 templa
1052 3315 1175 3399 extrui
1185 3317 1269 3431 Ni?

197 3428 405 3556 comedite,
422 3457 608 3566 Pergami,
627 3462 702 3542 hcc.
733 3458 840 3566 Qae
853 3455 1265 3574 omniacontigerepeg

195 3598 381 3714 hyemem
391 3626 480 3683 anm
467 3599 620 3710 hujus,
640 3627 689 3682 ex
703 3599 833 3687 Dione
845 3600 911 3682 lib.
901 3628 955 3713 5
971 3627 1005 3687 ι

259 3742 420 3857 Interim
428 3740 606 3852 Virgilius
615 3741 1269 3862 NeapohultrmamGeorgrcrsma

200 3906 297 3965 num
307 3899 346 3965 et
360 3879 566 3967 clausulam
582 3879 782 3979 adhibebat
799 3876 862 3962 his
874 3878 1017 3977 verbis·
1035 3879 1141 3962 Haec
1145 3879 1263 3996 stupet·

199 4017 898 4141 mmcudupecorisqaecanebam,
892 4016 1260 4137 etsuperarboribus:
1292 4062 1295 4069 Δ

197 4151 369 4295 (gestat
350 4153 437 4245 dunt
458 4180 651 4287 magunt
625 4152 680 4242 ad
691 4154 806 4241 astum
818 4152 1004 4265 fulminat
1033 4150 1328 4410 Euphrgtyyt

399 4329 407 4341 ·
779 4295 809 4379 b
837 4324 862 4410 3
1189 4314 1207 4370 e
1233 4313 1254 4370 o
