2948 5078
289 336 292 347 ‘
330 326 850 428 Aeuntuo·s.L1n
886 325 980 435 1113
1095 294 1190 468 any
1243 380 1248 387 ·

125 536 371 648 Respicimm.
395 534 475 633 dira
492 530 648 635 illuvies,
666 527 902 638 immissaque
919 529 1048 633 barba,

127 676 350 758 Consertum
363 692 516 782 tegmen
532 671 670 783 spinis3
689 689 728 755 at
746 688 886 754 caetera
905 671 1056 772 Graius,
1182 698 1184 703 ’

125 819 178 898 Et
194 815 387 926 quondam
405 813 531 924 patriis
543 812 758 921 adTrojam
769 808 896 893 missus
909 812 948 893 in
965 814 1191 939 armie593

66 1055 67 1059 Ν
126 955 254 1065 Isque,
266 955 331 1045 ubi
349 953 557 1059 Dardanius
577 951 725 1052 habitus
738 967 777 1033 et
791 952 918 1055 ¹Troia
934 954 1027 1052 vidit
1178 979 1186 989 ·

126 1100 247 1178 Arma
263 1095 420 1206 procuh
446 1092 616 1205 paullum
635 1092 784 1204 aspectu
801 1095 1019 1179 conterritus
1038 1094 1165 1198 haesit,

126 1238 396 1348 Continuitque
411 1238 594 1347 gradum:
623 1265 717 1333 mox
730 1235 861 1319 sesead
880 1236 988 1321 litora
1000 1256 1187 1354 praecepa·

128 1380 232 1459 Cum
254 1377 345 1481 stetu
362 1377 606 1489 precibusque
622 1375 720 1458 tulit.
750 1406 815 1487 per
834 1377 949 1479 sidera
965 1381 1090 1481 testor,
1180 1401 1186 1409 '

127 1517 198 1621 Per
215 1515 379 1627 superos,
400 1533 512 1624 atque
535 1514 611 1599 hoc
628 1516 725 1598 coeli
742 1516 910 1627 spirabile
924 1520 1069 1621 lumen,
1115 1524 1201 1613 600

127 1655 272 1759 Tollite
288 1684 366 1757 me,
378 1657 547 1754 Teucri;
573 1655 810 1765 quascunque
833 1657 1006 1754 abducite
1022 1679 1148 1749 terras.
1184 1676 1187 1683 '

129 1796 219 1877 Hoc
238 1796 290 1876 sat
307 1797 388 1880 erit.
419 1795 496 1878 scio
513 1803 577 1877 me
602 1797 743 1879 Danais
761 1824 783 1877 e
800 1795 970 1883 classibus
986 1828 1121 1903 unum,

127 1934 181 2035 Et
198 1933 300 2016 bello
318 1936 451 2017 Iliacos
463 1935 581 2019 fateor
598 1934 736 2047 petiisse
754 1936 920 2023 Penates.

129 2077 205 2159 Pru
216 2103 308 2184 quo,
326 2075 510 2158 fisceleris
521 2092 621 2157 tanta
638 2074 692 2174 est
716 2075 847 2184 injuria
864 2076 990 2174 nostri,
1111 2083 1200 2191 604

131 2216 297 2324 Spargite
311 2244 374 2299 me
393 2216 434 2298 in
453 2215 600 2315 fluetus,
621 2216 797 2328 vastoque
817 2217 1029 2329 immergite
1045 2238 1188 2330 ponto.'

132 2357 170 2455 Si
189 2385 314 2466 pereo,
333 2358 508 2441 manibus
526 2355 731 2445 hominum
755 2359 897 2468 periisse
914 2360 1071 2468 juvabit.

131 2500 313 2598 Dixerat:
344 2521 382 2589 et
399 2530 521 2611 genua
534 2503 742 2608 amplexus,
764 2500 995 2607 genibusque
1012 2501 1192 2589 volutant

132 2639 331 2737 Haerebat.
363 2641 429 2744 qui
447 2639 503 2733 sit,
525 2636 608 2730 fari,
631 2662 710 2741 quo
727 2632 902 2739 sanguine
919 2651 1052 2733 cretus,

131 2775 367 2870 Hortamur;
386 2798 481 2880 quae
499 2770 634 2852 deinde
647 2770 760 2878 agitet
779 2769 941 2867 fortuna,
962 2769 1093 2859 fateri„
1113 2776 1201 2885 609

133 2912 215 3024 Ipse
236 2929 337 3022 pater
351 2912 522 2993 dextram
535 2907 733 3007 Anchises,
752 2908 855 2990 haud
866 2909 986 2993 multa
1005 2931 1189 3015 moratus,

133 3056 213 3136 Dat
228 3055 370 3163 juveni,
388 3072 501 3163 atque
514 3052 687 3135 animum
708 3051 886 3162 praesenti
899 3051 1054 3161 pignore
1067 3053 1204 3153 firmat.

135 3193 205 3291 Ille
222 3191 328 3294 haec,
346 3194 512 3305 depofita
525 3193 677 3276 tandem
690 3189 903 3291 formidine,
917 3191 1038 3277 satur:

136 3339 230 3437 Sum
248 3336 364 3446 patria
382 3364 431 3417 ex
450 3334 592 3431 nhaca,
616 3357 744 3414 eomes
759 3328 914 3415 infelicis
931 3334 1086 3444 ulyssei,
1188 3428 1191 3434 ,

134 3476 294 3577 Nomen
308 3474 596 3572 Achemenides,
608 3474 780 3582 Trojam,
792 3473 957 3582 genitore
968 3474 1177 3559 Adamasto

137 3617 318 3727 Paupere,
344 3618 599 3726 mansissetque
616 3616 761 3698 utinam
786 3614 958 3698 fortunas
989 3616 1192 3725 profectur

136 3757 305 3855 Hieme,
319 3759 413 3850 dum
424 3760 558 3870 trepidi
572 3756 735 3839 crudelia
755 3757 886 3839 limina
902 3756 1088 3867 linquunt,
1126 3763 1205 3853 ⁶16

140 3899 388 3980 Immemores
405 3898 493 3997 socii
507 3897 608 3979 vasto
626 3897 804 4009 Cyclopis
822 3898 861 3977 in
879 3915 984 3979 antro

138 4038 352 4137 Deseruere.
383 4039 520 4120 domus
537 4037 634 4139 sanie
650 4037 881 4149 dapibusque
892 4039 1065 4139 cruentis,
1125 4075 1129 4091 ’
1178 4075 1194 4144 .'
1286 4028 1289 4037 ¹

141 4179 243 4267 Intus
264 4162 393 4290 opaea,
410 4183 552 4292 ingens.
582 4181 658 4294 ipse
672 4183 819 4285 ardum·
840 4181 987 4294 altaque
1001 4179 1121 4295 pulset
1185 4228 1196 4257 ›

1067 4317 1213 4408 Siderea
