2948 5078
96 309 101 317 ι
188 364 288 494 '1913
420 360 773 458 P.V1uorr.1'1
807 355 1088 455 Marruuia

195 560 293 651 Vela
308 547 455 663 voeant,
476 560 699 673 tumidoque
712 557 861 641 inflatur
873 559 1040 642 carbasus
1060 558 1207 653 auſtro.
1238 568 1242 580 '

196 705 271 794 His
287 725 413 790 vatem
423 702 624 814 aggredior
644 701 764 801 dietis,
782 728 828 782 ac
840 700 927 783 tatia
945 703 1107 812 quaeso:
1156 738 1159 743 ·

195 849 425 957 Trojugeua,
449 845 625 954 interpres
647 842 793 941 divum,
815 841 882 951 qui
900 842 1056 926 numina
1071 844 1243 961 Phoebi,

195 991 279 1094 Qui
293 985 467 1098 tripodas,
480 983 595 1064 Clarii
611 983 745 1081 lauros,
757 983 825 1093 qui
840 980 955 1066 fidera
978 982 1099 1094 sentis,
1185 992 1302 1100 360·

196 1099 250 1210 Et
270 1126 469 1208 volucrum
488 1125 643 1234 linguar,
673 1140 711 1204 et
727 1123 907 1234 praeputia
924 1120 1053 1205 oinina
1067 1144 1230 1236 pennae,

190 1253 292 1380 ¹Fare
313 1291 403 1372 age;
432 1289 597 1374 namque
626 1253 784 1344 omnem
803 1261 956 1345 cursum
976 1260 1075 1343 mihi
1097 1264 1285 1381 prospera

291 1409 293 1412 ⁴
386 1402 482 1482 dixit
687 1482 691 1490 .

202 1542 393 1652 Religio,
421 1562 458 1624 et
475 1543 601 1624 cuncti
620 1541 806 1626 suaserunt
827 1541 983 1656 numine
999 1542 1078 1629 divi

201 1684 351 1801 Italiam
368 1701 504 1794 petere,
518 1701 556 1765 et
568 1702 679 1765 terras
693 1694 832 1767 tentare
848 1682 1027 1796 repostas:
1196 1676 1204 1685 ’

202 1823 290 1904 Sola
306 1848 449 1905 novum
465 1823 642 1937 dittuque
657 1812 761 1906 nefas
772 1824 942 1936 Harpyia
956 1822 1122 1935 Celaeno
1185 1812 1250 1938 3⁷6
1257 1858 1288 1946 ς

202 1964 424 2075 Prodigium
440 1966 553 2065 canit,
575 1984 614 2047 et
631 1967 748 2048 tristes
765 1966 1055 2064 denuntiat'iras,

206 2105 519 2216 Obscoenamque
536 2104 703 2204 famem
735 2105 968 2219 quae'pri'ma'
985 2104 1150 2217 pericula
1165 2105 1253 2190 vito
1273 2114 1291 2199 ἓ

209 2243 361 2350 Quidve
386 2246 554 2352 sequens,
574 2262 696 2328 tantos
710 2244 847 2354 poffim
869 2239 1036 2356 superare
1052 2244 1200 2327 labores
1213 2240 1241 2335 i‘

208 2382 289 2467 Hic
314 2380 498 2533 Helqrua,
519 2384 628 2467 caesas
644 2385 811 2499 priniuui
830 2382 877 2464 de
894 2381 1001 2466 ruore
1017 2380 1204 2501 juiencis,
1233 2370 1246 2420 ²

207 2524 350 2609 Exorat
370 2551 504 2634 pacem
520 2525 678 2610 divum:
708 2522 886 2634 vittasque
899 2521 1044 2605 resolvit
1186 2556 1292 2643 370

209 2660 346 2748 Sacrati
359 2666 501 2775 eapitis,
524 2692 663 2775 meque
683 2664 730 2745 ad
747 2682 812 2744 tua
832 2658 979 2762 limma,
994 2658 1158 2763 Phoebe,
1192 2656 1203 2678 '

209 2806 293 2913 Ipse
325 2834 440 2884 manu
458 2806 580 2885 multo
600 2805 813 2914 suspensum
836 2805 993 2886 numine
1019 2805 1142 2901 ducit;

211 2947 341 3051 Atque
359 2943 451 3024 haec
472 2945 605 3030 deinde
632 2946 730 3028 canit
748 2945 875 3024 divino
896 2971 944 3024 ex
957 2972 1019 3025 ore
1040 2944 1222 3031 sacerdoa

212 3085 314 3167 Nate
332 3088 427 3187 dea,
454 3115 544 3168 nam
558 3104 595 3166 te
613 3088 814 3196 majoribus
833 3088 884 3166 ire
900 3114 965 3196 per
982 3085 1102 3167 altum

213 3228 398 3338 Auspiciis
414 3227 606 3309 manifesta
622 3227 730 3309 fides:
763 3227 812 3306 sle
826 3228 901 3306 fata
914 3226 1029 3306 deum
1046 3255 1113 3307 rex
1195 3254 1254 3342 37
1263 3259 1289 3341 5

214 3368 381 3464 Sortitur,
406 3368 594 3475 volvitque
613 3370 727 3450 vices:
760 3368 789 3445 is
812 3367 962 3446 vertitur
980 3366 1084 3448 orde.

214 3506 338 3586 Pauca
358 3506 425 3588 tibi
447 3537 468 3590 e
486 3507 626 3606 multis,
647 3535 724 3615 quo
739 3504 851 3584 tutior
868 3501 1011 3613 hospita
1027 3501 1155 3582 lustres

216 3647 406 3755 Aequora,
438 3666 474 3729 et
493 3647 659 3727 Ausonio
683 3646 793 3755 poflis
807 3642 994 3725 confidere
1009 3657 1133 3750 portu,

216 3785 427 3893 Expediam
443 3790 550 3873 diuis
558 3829 570 3887 3
596 3785 795 3898 prohibent
815 3811 904 3865 nam
921 3798 1062 3864 caetera
1078 3783 1217 3863 Parcae

219 3922 318 4000 Scire
337 3926 542 4025 Helenum,
567 3927 708 4033 farique
724 3942 821 4004 vetat
834 3924 1000 4005 Saturnia
1019 3926 1133 4034 Juno,
1200 3918 1293 4033 380

215 4058 406 4168 Principio
425 4063 585 4163 Italiam,
606 4088 722 4172 quam
743 4079 784 4142 tu
798 4064 881 4172 jam
898 4086 977 4147 rere
991 4063 1246 4178 propinquam

217 4197 441 4315 Vicinosque
457 4201 582 4316 ignare
596 4229 701 4320 paras
717 4204 889 4290 invadere
905 4222 1047 4319 portus,

1152 4341 1293 4456 Longa
