2948 5078
363 355 701 448 Aruernos.
750 346 958 449 Linll.
1100 357 1193 480 163
1367 419 1371 427 ·

127 555 323 639 Extulerat
333 591 346 652 ς
365 552 529 663 ¹fatisque
541 553 657 634 deum
669 552 837 635 defensus
851 550 1000 663 iniquis,

125 693 291 777 lnclusoa
304 709 410 772 utero
428 692 578 774 Danaos
591 711 631 773 et
644 692 752 801 pinea
766 690 899 774 furtim
1051 734 1058 747 ε

126 835 248 918 Laxat
264 830 422 915 claustra
438 833 581 915 Sinon:
611 833 694 913 illos
715 832 983 944 patefactum
1000 859 1104 918 auras
1189 844 1193 851 '

126 975 267 1056 Reddit
283 998 415 1084 equus,
434 974 594 1084 laetique
601 1001 694 1054 cavo
707 973 743 1055 se
752 977 884 1057 robore
896 993 1094 1086 promunt:
1108 981 1195 1064 260

126 1114 380 1197 Thelsandrus
393 1111 660 1224 Sthenelusque
674 1114 801 1218 duces,
814 1117 1132 1229 etdirusUlyffea,

127 1255 343 1339 Demiffum
354 1254 444 1366 lapsi
452 1282 517 1367 per
527 1253 674 1354 funem,
690 1255 938 1367 Acamasque,
947 1258 1163 1371 Thoasque,
1197 1280 1200 1290 '

125 1397 343 1507 Pelidesque
360 1394 649 1508 Neoptolemus,
664 1398 879 1509 primusque
899 1398 1107 1508 Machaon,

124 1539 179 1617 Et
196 1536 406 1637 Menelaus,
420 1556 458 1618 et
468 1537 543 1650 ipse
563 1537 640 1618 doli
657 1536 854 1620 fabricator
864 1541 1003 1650 Epe'ua,

126 1677 313 1758 Invadunt
333 1676 467 1758 urbem
482 1675 615 1758 somno
627 1676 789 1786 vinoque
804 1677 997 1788 sepultam.
1106 1682 1161 1764 26
1168 1702 1195 1791 ς
1305 1666 1323 1767 ,¹

127 1815 344 1896 Caeduntur
360 1814 501 1923 vigiles,
532 1815 719 1926 portisque
733 1817 947 1929 patentilart
957 1844 1089 1900 omnes

54 1939 61 1953 ’
127 1956 332 2066 Accipiunt
348 1955 478 2056 socios,
496 1975 608 2067 atque
626 1958 777 2067 agmina
788 1959 933 2042 conscia
943 1962 1122 2071 jungunt.
1187 1994 1191 2010 ¹

128 2157 131 2161 ·
185 2099 359 2209 Tempus
379 2116 468 2199 erat,
486 2123 564 2208 quo
582 2098 705 2209 prima
712 2098 818 2208 quies
832 2099 1050 2185 mortalibus
1062 2100 1179 2212 aegris

126 2237 330 2349 Incipit‚.et
346 2239 449 2321 dono
461 2240 594 2322 divum
608 2240 809 2350 gratillima
824 2239 946 2354 serpit.
1147 2226 1155 2241 ’

126 2378 333 2477 insomnis,
342 2407 444 2478 ecce,
453 2397 538 2462 ante·
550 2378 678 2462 omlos
691 2383 952 2465 moestissimus
960 2384 1195 2498 Hostora7o'

129 2515 241 2598 Visus
257 2518 375 2601 adeffe
394 2518 505 2620 mihi,
522 2521 715 2630 largosque
730 2519 922 2601 effundere
938 2520 1071 2620 fletus,
1174 2516 1191 2582 ἶ

128 2657 311 2767 Raptatus
327 2659 435 2766 bigis,
450 2676 494 2738 ut
509 2661 716 2767 quondam,-
731 2677 882 2768 aterque
895 2674 1051 2738 cruento

128 2795 298 2892 Pulvere,
320 2822 460 2904 perque
479 2796 591 2905 pedes
602 2798 771 2901 trajestus
788 2795 866 2877 lora
884 2814 1083 2882 tumentes.
1116 2852 1118 2856 -

129 2936 208 3017 Hei
228 2932 338 3034 mihi,
354 2935 473 3045 qualis
492 2938 587 3018 erat!
608 2953 793 3044 quantum
807 2953 973 3018 mutatus
989 2937 1117 3021 abillo
1170 2942 1173 2946 ’

128 3073 308 3173 Hectore,
328 3074 394 3183 qui
410 3074 505 3154 redit
521 3076 672 3157 exuvias
691 3075 842 3156 indutus
855 3075 1028 3175 Achillis,
1107 3099 1193 3192 275

129 3214 203 3296 Vel
215 3216 393 3294 Danaum
403 3211 586 3324 Phrygios
594 3212 775 3322 jaculatus
792 3216 979 3326 puppibus
991 3218 1120 3324 ignesl

133 3355 373 3465 squalentem
390 3354 558 3452 barbam,
578 3371 615 3436 et
633 3373 825 3436 concretos
842 3355 1016 3466 sanguine
1034 3358 1165 3455 crines,

130 3493 371 3603 Vulneraque
382 3493 445 3572 illa
459 3521 601 3603 gerens,
619 3522 715 3604 quae
729 3496 874 3576 circum
888 3495 1051 3605 plurima
1068 3520 1196 3579 muros

129 3634 291 3743 Accepit
309 3635 455 3742 patrios.
487 3634 584 3714 ultro
599 3632 693 3714 fiens
709 3635 785 3744 ipse
802 3635 952 3715 videbar
1107 3662 1193 3748 279

130 3775 371 3884 Compellare
384 3776 521 3876 virum,
532 3795 569 3856 et
578 3775 965 3887 moestasexpromere
979 3803 1109 3858 voces:

130 3917 170 3995 Ο
190 3914 257 3995 lux
274 3916 497 4013 Dardaniae,
516 3917 595 4028 spes
610 3947 635 3999 o
647 3916 821 4000 fidiffima
835 3921 1044 4017 Teucrum,

133 4056 242 4178 Qae
261 4074 381 4138 tantae
393 4075 542 4142 tenuere
560 4060 719 4151 morae?
749 4060 885 4173 quibua
896 4062 1040 4144 Hector
1053 4058 1100 4140 ab
1111 4060 1185 4140 oria

621 4333 736 4452 Ma·
816 4367 820 4441 j
936 4393 940 4402 ·
997 4337 1204 4449 Expeitate
