2948 5078
211 315 216 325 .
287 361 923 462 Gruter-cn.·Lru.1V.
1084 391 1192 494 105,

107 573 289 681 Namque
299 569 368 652 sub
380 564 558 648 Oebaliae
568 562 730 648 memini
739 563 1074 668 ureturribuaaltie,
1098 593 1148 654 12
1155 595 1182 683 ς

108 715 201 822 Qa
216 711 321 820 niger
332 708 528 790 humedet
543 704 720 801 flaventia,
733 704 835 787 cultu
848 703 1017 806 Galesus,
1164 720 1177 739 ⁶

11 864 16 876 '
109 853 315 964 Corycium
331 848 459 934 vidisse
472 848 622 935 senemr
660 848 724 931 cui
739 875 860 960 pauca
875 848 994 933 relicti

110 996 252 1106 Jngeta
267 994 361 1078 ruris
378 1010 508 1090 etanta
538 1018 610 1074 nec
627 989 761 1072 fertilis
772 990 1025 1100 illajuvetrcie,
1119 1036 1122 1041 ·

109 1132 685 1248 Neepeeoriopportnnaseger,
717 1133 1007 1216 neeeommoda
1022 1133 1189 1223 Baccho.¹

109 1278 191 1362 Hic
201 1295 462 1360 rarumtamen
474 1275 514 1356 in
526 1274 651 1357 dranis
658 1273 753 1373 olus,
768 1273 926 1387 albaque
939 1278 1084 1359 circum
1101 1308 1185 1394 130

111 1421 226 1520 Lilia,
256 1419 502 1528 verbenasque
523 1442 709 1528 premens,
741 1417 968 1528 vescumque
984 1447 1157 1533 papaver,

112 1563 270 1673 Regum
286 1561 468 1671 aequabat
488 1585 578 1669 opes
595 1557 753 1639 animia:
783 1558 935 1667 seraque
950 1577 1136 1643 revertens

112 1703 241 1785 Noste
254 1702 432 1800 domum,
453 1698 610 1810 dapibus
623 1697 765 1779 mensas
777 1698 953 1780 onerabat
969 1698 1162 1813 inemptis.‘

114 1845 266 1927 Primus
281 1871 367 1925 vere
378 1842 514 1942 rosam,
542 1861 655 1952 atque
667 1857 849 1922 aunnnno
865 1868 1013 1953 carpere
1030 1856 1171 1954 poma':

113 1984 166 2067 Et
185 2014 278 2074 cum
294 1983 405 2066 tristia
421 1981 558 2092 hyems
575 1984 786 2063 etiamnum
804 1981 941 2091 frigore
959 1983 1045 2066 saxa
1104 2015 1152 2097 13
1161 2012 1192 2099 ς’

114 2126 338 2236 Rumperet,
370 2143 409 2207 et
425 2125 544 2233 glacie
561 2124 687 2205 causus
704 2123 863 2204 frenaret
881 2151 1078 2232 aquarum,
1143 2146 1146 2151 ·
1176 2163 1178 2166 ⁴
1276 2170 1288 2179 ·

115 2268 187 2350 Ille
204 2295 356 2350 comam
370 2267 496 2348 mollis
504 2269 586 2376 jam
599 2286 683 2348 turn
695 2267 874 2350 tondebat
889 2267 1052 2370 acanthi,

116 2409 309 2491 Aestatem
323 2409 542 2519 increpitans
559 2409 676 2492 seram
689 2408 947 2520 zephyrosque
960 2415 1163 2498 morantes}

116 2550 222 2660 Ergo
235 2551 369 2662 apibus
388 2550 497 2633 suetis
511 2551 615 2631 idern
632 2568 744 2657 atque
760 2550 935 2628 examine
951 2550 1079 2630 multo·
1159 2560 1166 2632 J

30 2708 35 2717 “
116 2692 266 2772 Primus
286 2693 488 2789 abundare,
520 2708 558 2770 et
574 2666 783 2799 spumantia
799 2713 933 2795 cogere
949 2687 1076 2798 preffis
1107 2714 1188 2798 140

117 2829 239 2909 Mella
251 2828 368 2910 savia:
401 2828 458 2908 illi
472 2828 584 2926 tiliae,-
614 2844 726 2937 atque
743 2826 933 2908 uberrima
950 2827 1084 2939 pinne:

116 2970 353 3078 Qotquein
374 2965 466 3049 flore
483 2996 582 3049 novo
599 2969 724 3078 pomis
738 2969 774 3050 se
793 2968 922 3052 fertilis
938 2971 1049 3052 arbos
1101 3012 1124 3031 «-

118 3109 307 3205 Induerat,
337 3109 496 3192 totidem
513 3129 697 3217 autumno
716 3131 862 3194 matura
875 3112 1035 3193 tenebat.

120 3252 191 3332 Ille
207 3250 321 3330 etiam
335 3249 427 3330 seras
442 3240 488 3332 in
502 3252 648 3333 versum
662 3252 802 3334 distulit
818 3253 956 3352 ulmos,
1045 3255 1054 3276 ‘'
1092 3278 1098 3295 ⁴

118 3391 364 3499 Eduramque
378 3390 518 3501 pirum,
530 3410 569 3474 et
580 3392 703 3503 spinos
709 3392 1097 3506 jamprunaferentes,
1109 3417 1157 3501 14
1164 3423 1189 3506 ς

118 3533 283 3640 Jamque
296 3529 568 3614 ministrantem
579 3531 774 3644 platanum
787 3533 999 3644 potantibus
1010 3535 1174 3620 umbras.

119 3673 267 3754 Verum
280 3670 372 3754 haec
385 3671 460 3784 ipse
473 3673 664 3784 equidem,
679 3674 800 3786 spatiis
811 3674 980 3758 exclusus
992 3676 1143 3785 iniquis,

119 3813 325 3911 Praetereo,
356 3829 469 3923 atque
480 3814 560 3895 aliis
576 3815 659 3926 post
673 3842 738 3897 me
751 3816 996 3899 memoranda
1008 3817 1191 3931 relinquo.

121 4013 125 4017 -
181 3953 301 4035 Nunc
318 3979 402 4073 agep
430 3970 578 4036 nannar
591 3955 722 4067 apibus
739 3984 831 4066 quaa
844 3931 1100 4070 ‘Jupiterip'se
1125 3933 1172 4003 ·

120 4091 295 4190 Addidit,
309 4093 531 4205 expediam:
545 4122 617 4207 pro
632 4126 708 4208 qua
725 4098 909 4199 mercede,
919 4075 1094 4184 canorus
1107 4082 1192 4210 ‘136

119 4234 308 4353 Curetum
319 4233 763 4355 unitur-eupiundaqm
778 4266 862 4360 rere
877 4240 1035 4343 secutae,
1108 4284 1111 4289 ’
1174 4279 1187 4292 ·

129 4401 135 4413 ’
1035 4382 1195 4472 Dictaeo
