2948 5078
276 354 377 453 174
512 316 1158 434 P.VrnerrrrMaaoms
1311 453 1314 462 ¹

266 525 342 606 eui
368 526 561 638 Pyrrhus:
590 524 744 611 Remea
760 553 850 639 ergo
871 528 978 635 haec,
1004 554 1043 618 et
1063 541 1225 624 nuncius
1249 544 1320 629 ibi·

266 666 416 752 rendae
431 669 602 780 genitori.
645 667 700 750 illi
713 692 800 750 met
811 670 925 753 tristia
938 674 1048 774 faeta,

262 812 577 921 Degeneremque
587 807 889 920 Neoptolemum
909 840 1054 896 narrare
1079 840 1288 908 memento.

93 998 98 1007 ι
263 950 385 1037 Nunc
420 976 577 1036 morere.
635 949 711 1032 hoc
737 949 876 1051 dicens,
911 951 1038 1037 altaria
1063 958 1112 1039 ad
1141 959 1219 1071 ipse
1260 981 1337 1047 tre-

307 1115 310 1121 '
448 1111 617 1174 mentem
1247 1133 1270 1216 5
1278 1133 1334 1217 50

262 1236 411 1331 Traxit,
427 1251 466 1314 et
482 1233 528 1312 -irr
545 1224 668 1311 multo
687 1224 890 1340 lapsantem
913 1231 1087 1343 sanguine
1107 1241 1200 1340 nati,

259 1375 528 1488 Implicuitque
544 1385 698 1454 comam
721 1372 846 1473 laeva3
867 1375 1072 1487 dextraque
1085 1383 1282 1468 coruscum

257 1516 421 1615 Extulit,
439 1542 484 1597 ac
502 1514 605 1596 lateri
617 1512 754 1624 capulo
771 1525 878 1596 tenus
891 1517 1034 1599 abdidit
1054 1522 1194 1606 ensem.

122 1746 125 1750 ,
231 1657 474 1743 macena
494 1652 838 1738 permeatorem
867 1657 1196 1745 hicexitusillum
1244 1692 1330 1777 554

260 1803 366 1881 Sorte
384 1799 482 1898 tulit,
497 1801 656 1905 Trojam
673 1795 860 1879 incensam
877 1816 917 1880 et
933 1802 1101 1912 prolapsa
1113 1808 1302 1888 videntem
1341 1854 1344 1861 ·

258 1941 453 2052 Pergama,
470 1958 527 2022 tot
536 1939 730 2050 quondam
743 1941 893 2050 populis
907 1943 1084 2052 terrisque
1096 1947 1299 2056 superbum

152 2070 154 2075 ’
258 2083 517 2190 Regnatorem
533 2081 654 2161 Afiae.
680 2080 780 2189 jacet
796 2080 926 2189 ingens
941 2081 1047 2163 litore
1071 2101 1237 2186 truncus,

256 2220 519 2329 Avulsumque
531 2218 699 2301 humeris
714 2236 841 2328 caput,
860 2236 898 2302 et
914 2222 992 2303 fine
1008 2226 1164 2308 nomine
1182 2231 1330 2338 corpus}⁴

259 2362 316 2442 At
328 2376 394 2442 me
407 2379 492 2440 tum
506 2359 676 2469 primum
689 2359 814 2442 saevus
828 2362 1066 2445 circumstitit
1082 2363 1239 2451 horror:

264 2499 465 2611 Obstupui.
504 2499 614 2585 subiit
628 2497 735 2580 chari
753 2501 927 2608 genitoris
948 2501 1086 2612 imago,
1241 2510 1327 2620 5⁶0

204 2651 207 2662 '
258 2628 317 2725 Ut
333 2671 461 2753 regem
475 2666 708 2750 aequaevum
725 2642 867 2722 crudeli
881 2641 1034 2725 vulnere
1052 2647 1127 2726 vidi

258 2786 389 2865 Vitam
415 2783 682 2865 exhalantem:
714 2784 824 2864 subiit
841 2785 979 2865 deserta
993 2788 1141 2885 Creiisa,

257 2929 310 3007 Et
330 2930 470 3037 direpta
488 2928 637 3025 domus,
654 2945 691 3007 et
707 2927 809 3036 parvi
824 2927 926 3006 casus
941 2928 1026 3009 ltili.

257 3070 445 3179 Respici0‚
464 3087 513 3164 et,
531 3095 626 3177 quae
645 3067 688 3145 fit
707 3094 770 3146 me
787 3067 933 3147 circum
950 3071 1071 3179 copia,
1096 3069 1221 3151 lustro.

254 3210 458 3291 Deseruere
475 3235 607 3288 omnes
624 3207 763 3302 defeffi,
776 3226 814 3286 et
830 3234 986 3317 corpora
1005 3208 1098 3287 saltu
1235 3213 1288 3318 56
1297 3233 1320 3318 ς

255 3347 320 3425 Ad
342 3367 477 3426 terram
496 3346 638 3444 misere,
658 3365 721 3426 aut
746 3347 894 3454 ignibus
912 3370 1018 3452 aegra
1040 3344 1187 3425 dedere.

254 3488 418 3596 Jamque
434 3485 527 3565 adeo
545 3485 653 3595 super
667 3513 762 3566 unus
781 3511 896 3583 eram,
916 3511 1008 3563 cum
1027 3481 1157 3560 limina
1177 3479 1310 3559 Vestae

255 3631 481 3725 servantem,
502 3646 540 3706 et
552 3627 703 3708 tacitam
722 3627 856 3707 secreta
874 3629 913 3705 in
933 3623 1015 3703 sede
1038 3620 1214 3700 latentem

253 3768 471 3873 Tyndarida
488 3772 641 3877 aspicio:
671 3770 760 3847 dant
777 3769 874 3848 clara
892 3763 1061 3845 incendia
1077 3761 1204 3840 lucem

251 3905 412 4000 Erranti,
433 3911 640 4014 paffimque
662 3906 791 3984 oculos
809 3934 874 4011 per
893 3908 1028 3984 cuneta
1045 3897 1188 3981 ferenti.
1238 3925 1321 4011 57⁰

253 4043 323 4124 Illa
333 4044 400 4123 fibi
415 4045 564 4123 infestos
585 4043 705 4122 eversa
718 4043 769 4120 ob
792 4043 972 4150 Pergama
992 4044 1176 4139 Teucros,

251 4193 302 4271 Et
327 4215 462 4300 poenas
482 4190 672 4290 Danaum,
698 4204 734 4266 et
746 4186 876 4269 deserti
889 4189 1057 4296 conjugis
1075 4186 1146 4264 iras

1079 4329 1331 4421 Permetuens,
