2948 5078
338 328 1002 443 Ariamenen?
1101 350 1203 491 1¹81„
1367 366 1372 378 ‘

71 632 77 645 ,
127 550 245 632 Nunc
264 576 397 633 omnes
413 565 550 631 terrent
565 576 689 645 aurae,
704 549 813 631 sonus
829 549 967 631 excitat
981 552 1108 633 omnis

127 684 362 800 Suspensum,
382 689 560 800 etpariter
575 689 782 798 comitique
791 689 970 798 onerique
985 689 1200 772 timentem.

120 830 291 937 flatuque
306 829 606 940 propinquabam
621 829 747 938 portis,
770 814 1004 938 omnemque
1017 830 1171 913 'videbar

122 960 424 1067 Evafisl'eviam3
457 969 581 1048 subito
596 995 688 1059 cum
703 969 834 1049 creber
849 955 897 1050 ad
909 997 1015 1051 aures
1061 958 1065 963 ’
1103 955 1188 1084 γ’ςί

119 1107 163 1187 Ν
163 1108 235 1189 isus
246 1107 365 1190 adesse
375 1109 518 1217 pedum
525 1098 665 1189 sonitus
674 1140 686 1189 ε
703 1109 923 1218 genitorque
941 1138 1009 1220 per
1016 1096 1209 1192 umbram‘

125 1246 367 1357 Prospiciens,
377 1249 490 1348 Nate,
497 1241 684 1329 exclamat
687 1239 822 1357 ,suge
808 1265 911 1328 nate·
898 1238 1193 1360 ,propinquant.

120 1385 310 1466 Ardentes
329 1366 479 1495 clypeos
505 1403 618 1494 atque
642 1412 726 1465 aera
753 1386 930 1468 micantia
945 1414 1071 1472 cerno.
1102 1419 1129 1500 7
1135 1413 1194 1497 34

123 1523 207 1604 Hic
220 1522 318 1604 mihi
334 1522 578 1635 nescioquod
592 1519 739 1633 trepido
751 1523 851 1604 male
867 1554 1010 1606 numen
1025 1519 1194 1607 amicum

124 1665 331 1748 Confusam
349 1668 484 1777 eripuit
507 1682 688 1750 mentem
721 1693 886 1775 namque
897 1693 979 1746 avia
990 1661 1123 1746 cursu
1212 1703 1218 1713 ¹

124 1806 234 1887 Dum
247 1808 392 1917 sequor,
412 1827 450 1888 et
468 1824 557 1892 nota
574 1806 718 1887 excedo
732 1807 883 1916 regione
901 1801 1074 1908 viarum,
1186 1824 1192 1859 ¹

122 1949 242 2033 Heul
257 1951 391 2032 misero
407 1948 546 2059 conjux
553 1940 685 2031 ‘fatone
701 1969 823 2058 erepta
841 1950 979 2031 Creiisa
1145 1972 1148 1979 ’

124 2087 302 2188 Substitit,
325 2091 504 2172 erravitne
521 2089 593 2191 via,
613 2088 676 2168 seu
693 2086 785 2167 uffa>
799 2087 944 2185 resedit,

122 2228 312 2311 incertum
321 2271 333 2327 ;
348 2257 418 2310 nec
433 2228 516 2338 post
529 2228 646 2310 oculis
663 2228 716 2309 est
731 2221 873 2310 reddita
887 2226 1043 2313 nostris:
1100 2234 1192 2346 740²

121 2370 208 2451 Nec
227 2371 329 2480 prius
346 2370 516 2452 amissam
535 2368 691 2480 respexi,
710 2366 961 2478 animumque
978 2371 1128 2473 reflexi,
1164 2370 1192 2433 Ὗ·

119 2506 251 2610 Quam
262 2512 456 2594 tumulum
466 2513 638 2617 antiquae
647 2481 791 2588 ¹Cereris
803 2508 1192 2615 sedemquesacratani

120 2653 318 2733 Venimus.
340 2651 418 2744 hic,
439 2648 596 2726 demum
611 2645 776 2724 collectis
792 2643 1075 2740 omnibusuna
1169 2636 1191 2723 ”.

118 2788 252 2868 Defuit
263 2829 276 2886 3
307 2805 344 2868 et
362 2785 532 2883 comites,
553 2802 773 2890 natumque,
794 2782 996 2893 virumque
1010 2786 1156 2876 fefellit.
1186 2786 1190 2793 ’

118 2928 249 3024 Quem
277 2953 353 3006 non
381 2919 579 3006 incusavi
560 2949 689 3005 amens
714 2920 993 3032 hominumque
1010 2927 1193 3011 deorum-i

303 3070 405 3173 que>
555 3125 578 3133 ··
871 3124 875 3131 ·
1099 3098 1188 3183 745

119 3211 200 3288 Aut
217 3206 337 3315 quid
327 3234 366 3285 m
379 3206 499 3286 eversa
515 3204 593 3285 vidi
612 3171 797 3285 crudelius
808 3203 924 3287 urbe?
1179 3222 1187 3261 '·

118 3349 334 3444 Ascanium,
366 3346 630 3456 Anchisenque
669 3364 827 3456 patrem,
847 3343 1088 3455 Teucrosque
1114 3345 1191 3427 Pei

298 3504 401 3568 nates

116 3630 359 3711 Commendo
385 3629 501 3729 sociis,
521 3647 558 3709 et
575 3656 687 3709 curva
704 3628 799 3710 valle
818 3627 992 3711 recondo.
1114 3702 1117 3707 .
1179 3660 1188 3687 ³

100 3767 204 3876 ,Ipse
219 3769 353 3853 urbem
371 3788 511 3878 repeto,
530 3787 567 3849 et
583 3768 714 3877 cingor
731 3766 962 3875 fulgentibus
977 3765 1102 3848 armis.
1165 3786 1188 3837 .·
1303 3800 1308 3809 ·

118 3908 196 3987 Stat
212 3908 313 3990 casus
334 3906 508 3989 renovare
521 3936 666 4008 omnes,
688 3935 920 4016 omnemque
934 3907 1066 3987 reverti
1098 3937 1124 4020 7
1131 3934 1188 4019 50

118 4049 190 4129 Per
212 4049 382 4157 Trojam,
405 4066 444 4129 et
462 4047 585 4130 rursus
595 4066 708 4165 caput
725 4049 786 4158 obj
788 4052 908 4129 e‘lare
927 4046 1088 4158 periclis.
1178 4075 1189 4126 a

117 4186 307 4302 Principio
325 4215 454 4275 muros
473 4187 701 4297 obscuraque
721 4186 855 4272 limina
864 4204 1036 4300 portae,
1167 4204 1192 4281 ἡ

606 4325 709 4438 Ns
1106 4323 1196 4434 Q
