<?xml version="1.0" encoding="UTF-8"?>
<!DOCTYPE html PUBLIC "-//W3C//DTD XHTML 1.0 Transitional//EN"
    "http://www.w3.org/TR/xhtml1/DTD/xhtml1-transitional.dtd">
<html xmlns="http://www.w3.org/1999/xhtml" xml:lang="en" lang="en">
 <head>
  <title>
</title>
<meta http-equiv="Content-Type" content="text/html;charset=utf-8" />
  <meta name='ocr-system' content='tesseract 3.04.00' />
  <meta name='ocr-capabilities' content='ocr_page ocr_carea ocr_par ocr_line ocrx_word'/>
</head>
<body>
  <div class='ocr_page' id='page_1' title='image "./publiivirgiliim02schegoog_0151.png"; bbox 0 0 2948 5078; ppageno 0'>
   <div class='ocr_carea' id='block_1_1' title="bbox 366 319 1247 459">
    <p class='ocr_par' dir='ltr' id='par_1_1' title="bbox 366 319 1247 459">
     <span class='ocr_line' id='line_1_1' title="bbox 366 319 1247 459; baseline -0.032 2"><span class='ocrx_word' id='word_1_1' title='bbox 366 336 445 459; x_wconf 66' lang='lat' dir='ltr'>st</span> <span class='ocrx_word' id='word_1_2' title='bbox 509 447 513 452; x_wconf 83' lang='grc'><em>,</em></span> <span class='ocrx_word' id='word_1_3' title='bbox 584 319 1247 440; x_wconf 71' lang='lat' dir='ltr'>1³.v1r011.11·Mrr0-s?1s</span> 
     </span>
    </p>
   </div>
   <div class='ocr_carea' id='block_1_2' title="bbox 236 516 1457 1214">
    <p class='ocr_par' dir='ltr' id='par_1_2' title="bbox 236 516 1457 1214">
     <span class='ocr_line' id='line_1_2' title="bbox 379 516 1444 657; baseline 0.003 -29"><span class='ocrx_word' id='word_1_4' title='bbox 379 545 523 628; x_wconf 82' lang='lat' dir='ltr'>Omnis</span> <span class='ocrx_word' id='word_1_5' title='bbox 538 545 610 628; x_wconf 80' lang='lat' dir='ltr'>surr</span> <span class='ocrx_word' id='word_1_6' title='bbox 628 544 779 657; x_wconf 79' lang='lat' dir='ltr'>paribus</span> <span class='ocrx_word' id='word_1_7' title='bbox 796 543 963 627; x_wconf 91' lang='lat' dir='ltr'>numeris</span> <span class='ocrx_word' id='word_1_8' title='bbox 975 543 1141 627; x_wconf 84' lang='lat' dir='ltr'>dimensa</span> <span class='ocrx_word' id='word_1_9' title='bbox 1159 544 1327 630; x_wconf 86' lang='lat' dir='ltr'>viarum:</span> <span class='ocrx_word' id='word_1_10' title='bbox 1440 516 1444 522; x_wconf 26' lang='lat'><strong><em>¹</em></strong></span> 
     </span>
     <span class='ocr_line' id='line_1_3' title="bbox 379 683 1455 795; baseline 0 -26"><span class='ocrx_word' id='word_1_11' title='bbox 379 686 480 769; x_wconf 79' lang='lat' dir='ltr'>Nou</span> <span class='ocrx_word' id='word_1_12' title='bbox 492 686 668 767; x_wconf 84' lang='lat' dir='ltr'>animum</span> <span class='ocrx_word' id='word_1_13' title='bbox 692 685 810 767; x_wconf 89' lang='lat' dir='ltr'>modo</span> <span class='ocrx_word' id='word_1_14' title='bbox 831 685 886 765; x_wconf 90' lang='lat' dir='ltr'>uti</span> <span class='ocrx_word' id='word_1_15' title='bbox 906 683 1027 794; x_wconf 74' lang='lat' dir='ltr'>pascat</span> <span class='ocrx_word' id='word_1_16' title='bbox 1052 683 1264 795; x_wconf 62' lang='lat' dir='ltr'>prospectus</span> <span class='ocrx_word' id='word_1_17' title='bbox 1282 686 1455 786; x_wconf 76' lang='lat' dir='ltr'>inanem3</span> 
     </span>
     <span class='ocr_line' id='line_1_4' title="bbox 383 822 1455 935; baseline 0.004 -30"><span class='ocrx_word' id='word_1_18' title='bbox 383 823 457 905; x_wconf 85' lang='lat' dir='ltr'>Sed</span> <span class='ocrx_word' id='word_1_19' title='bbox 473 824 564 935; x_wconf 83' lang='lat' dir='ltr'>quia</span> <span class='ocrx_word' id='word_1_20' title='bbox 577 851 653 903; x_wconf 85' lang='lat' dir='ltr'>uon</span> <span class='ocrx_word' id='word_1_21' title='bbox 670 822 773 903; x_wconf 76' lang='lat' dir='ltr'>aliter</span> <span class='ocrx_word' id='word_1_22' title='bbox 785 825 881 904; x_wconf 88' lang='lat' dir='ltr'>vires</span> <span class='ocrx_word' id='word_1_23' title='bbox 899 822 1002 902; x_wconf 86' lang='lat' dir='ltr'>dabit</span> <span class='ocrx_word' id='word_1_24' title='bbox 1014 822 1190 904; x_wconf 89' lang='lat' dir='ltr'>omnibus</span> <span class='ocrx_word' id='word_1_25' title='bbox 1202 852 1337 934; x_wconf 84' lang='lat' dir='ltr'>aequas</span> <span class='ocrx_word' id='word_1_26' title='bbox 1367 827 1455 910; x_wconf 83' lang='lat'>286</span> 
     </span>
     <span class='ocr_line' id='line_1_5' title="bbox 373 959 1457 1072; baseline -0.003 -26"><span class='ocrx_word' id='word_1_27' title='bbox 373 965 515 1062; x_wconf 57' lang='lat' dir='ltr'>r‘l&#39;erra,</span> <span class='ocrx_word' id='word_1_28' title='bbox 535 990 657 1072; x_wconf 87' lang='lat' dir='ltr'>neque</span> <span class='ocrx_word' id='word_1_29' title='bbox 675 963 715 1042; x_wconf 89' lang='lat' dir='ltr'>in</span> <span class='ocrx_word' id='word_1_30' title='bbox 728 988 891 1043; x_wconf 83' lang='lat' dir='ltr'>vacuum</span> <span class='ocrx_word' id='word_1_31' title='bbox 908 978 1083 1071; x_wconf 86' lang='lat' dir='ltr'>poterunt</span> <span class='ocrx_word' id='word_1_32' title='bbox 1094 959 1130 1043; x_wconf 92' lang='lat' dir='ltr'>se</span> <span class='ocrx_word' id='word_1_33' title='bbox 1141 965 1339 1047; x_wconf 85' lang='lat' dir='ltr'>extendere</span> <span class='ocrx_word' id='word_1_34' title='bbox 1348 962 1457 1058; x_wconf 86' lang='lat' dir='ltr'>rami.</span> 
     </span>
     <span class='ocr_line' id='line_1_6' title="bbox 236 1092 1352 1214; baseline 0.002 -27"><span class='ocrx_word' id='word_1_35' title='bbox 236 1092 241 1103; x_wconf 46' lang='lat'>⁸</span> <span class='ocrx_word' id='word_1_36' title='bbox 382 1106 551 1187; x_wconf 85' lang='lat' dir='ltr'>Forsitan</span> <span class='ocrx_word' id='word_1_37' title='bbox 568 1123 606 1183; x_wconf 90' lang='lat' dir='ltr'>et</span> <span class='ocrx_word' id='word_1_38' title='bbox 624 1101 813 1183; x_wconf 85' lang='lat' dir='ltr'>scrobibus</span> <span class='ocrx_word' id='word_1_39' title='bbox 826 1109 923 1212; x_wconf 86' lang='lat' dir='ltr'>qua&#39;e</span> <span class='ocrx_word' id='word_1_40' title='bbox 941 1100 1011 1181; x_wconf 87' lang='lat' dir='ltr'>srnt</span> <span class='ocrx_word' id='word_1_41' title='bbox 1024 1100 1168 1211; x_wconf 83' lang='lat' dir='ltr'>fastigia</span> <span class='ocrx_word' id='word_1_42' title='bbox 1186 1130 1352 1214; x_wconf 84' lang='lat' dir='ltr'>quaeras.</span> 
     </span>
    </p>
   </div>
   <div class='ocr_carea' id='block_1_3' title="bbox 358 1241 1469 4157">
    <p class='ocr_par' dir='ltr' id='par_1_3' title="bbox 384 1241 1460 1760">
     <span class='ocr_line' id='line_1_7' title="bbox 385 1241 1324 1359; baseline 0 -33"><span class='ocrx_word' id='word_1_43' title='bbox 385 1246 521 1326; x_wconf 89' lang='lat' dir='ltr'>Ausim</span> <span class='ocrx_word' id='word_1_44' title='bbox 535 1242 594 1322; x_wconf 82' lang='lat' dir='ltr'>vei</span> <span class='ocrx_word' id='word_1_45' title='bbox 610 1242 714 1321; x_wconf 85' lang='lat' dir='ltr'>tenui</span> <span class='ocrx_word' id='word_1_46' title='bbox 733 1242 850 1323; x_wconf 89' lang='lat' dir='ltr'>vitem</span> <span class='ocrx_word' id='word_1_47' title='bbox 868 1241 1106 1322; x_wconf 87' lang='lat' dir='ltr'>committere</span> <span class='ocrx_word' id='word_1_48' title='bbox 1120 1241 1234 1328; x_wconf 78' lang='lat' dir='ltr'>sulco,</span> <span class='ocrx_word' id='word_1_49' title='bbox 1320 1353 1324 1359; x_wconf 16' lang='grc' dir='ltr'><strong><em>ι</em></strong></span> 
     </span>
     <span class='ocr_line' id='line_1_8' title="bbox 385 1379 1460 1492; baseline 0.002 -28"><span class='ocrx_word' id='word_1_50' title='bbox 385 1384 513 1464; x_wconf 86' lang='lat' dir='ltr'>Altius</span> <span class='ocrx_word' id='word_1_51' title='bbox 523 1408 567 1459; x_wconf 85' lang='lat' dir='ltr'>ac</span> <span class='ocrx_word' id='word_1_52' title='bbox 577 1379 724 1488; x_wconf 87' lang='lat' dir='ltr'>penitus</span> <span class='ocrx_word' id='word_1_53' title='bbox 736 1396 852 1462; x_wconf 85' lang='lat' dir='ltr'>terrae</span> <span class='ocrx_word' id='word_1_54' title='bbox 865 1380 1038 1489; x_wconf 82' lang='lat' dir='ltr'>defigitur</span> <span class='ocrx_word' id='word_1_55' title='bbox 1051 1382 1159 1464; x_wconf 83' lang='lat' dir='ltr'>arbos</span> <span class='ocrx_word' id='word_1_56' title='bbox 1170 1424 1183 1481; x_wconf 81' lang='lat'>3</span> <span class='ocrx_word' id='word_1_57' title='bbox 1372 1409 1460 1492; x_wconf 83' lang='lat'>290</span> 
     </span>
     <span class='ocr_line' id='line_1_9' title="bbox 384 1517 1432 1632; baseline -0.003 -26"><span class='ocrx_word' id='word_1_58' title='bbox 384 1517 566 1606; x_wconf 82' lang='lat' dir='ltr'>Aesculus</span> <span class='ocrx_word' id='word_1_59' title='bbox 582 1520 781 1631; x_wconf 84' lang='lat' dir='ltr'>imprimis,</span> <span class='ocrx_word' id='word_1_60' title='bbox 801 1551 896 1632; x_wconf 90' lang='lat' dir='ltr'>quae</span> <span class='ocrx_word' id='word_1_61' title='bbox 915 1540 1102 1630; x_wconf 88' lang='lat' dir='ltr'>quantum</span> <span class='ocrx_word' id='word_1_62' title='bbox 1119 1521 1255 1605; x_wconf 87' lang='lat' dir='ltr'>vertice</span> <span class='ocrx_word' id='word_1_63' title='bbox 1272 1520 1319 1603; x_wconf 85' lang='lat' dir='ltr'>ad</span> <span class='ocrx_word' id='word_1_64' title='bbox 1327 1549 1432 1604; x_wconf 84' lang='lat' dir='ltr'>auras</span> 
     </span>
     <span class='ocr_line' id='line_1_10' title="bbox 386 1660 1284 1760; baseline -0.002 -13"><span class='ocrx_word' id='word_1_65' title='bbox 386 1660 603 1760; x_wconf 58' lang='lat' dir='ltr'>demeres,</span> <span class='ocrx_word' id='word_1_66' title='bbox 621 1678 769 1742; x_wconf 89' lang='lat' dir='ltr'>tautum</span> <span class='ocrx_word' id='word_1_67' title='bbox 783 1664 905 1743; x_wconf 87' lang='lat' dir='ltr'>radice</span> <span class='ocrx_word' id='word_1_68' title='bbox 924 1663 963 1741; x_wconf 90' lang='lat' dir='ltr'>in</span> <span class='ocrx_word' id='word_1_69' title='bbox 982 1664 1139 1744; x_wconf 86' lang='lat' dir='ltr'>Tartara</span> <span class='ocrx_word' id='word_1_70' title='bbox 1153 1664 1284 1747; x_wconf 72' lang='lat' dir='ltr'>tendis.</span> 
     </span>
    </p>

    <p class='ocr_par' dir='ltr' id='par_1_4' title="bbox 358 1799 1462 2609">
     <span class='ocr_line' id='line_1_11' title="bbox 358 1799 1431 1914; baseline -0.001 -31"><span class='ocrx_word' id='word_1_71' title='bbox 358 1878 359 1883; x_wconf 14' lang='lat' dir='ltr'>s</span> <span class='ocrx_word' id='word_1_72' title='bbox 385 1805 492 1912; x_wconf 82' lang='lat' dir='ltr'>Ergo</span> <span class='ocrx_word' id='word_1_73' title='bbox 508 1829 587 1884; x_wconf 90' lang='lat' dir='ltr'>non</span> <span class='ocrx_word' id='word_1_74' title='bbox 603 1799 761 1910; x_wconf 85' lang='lat' dir='ltr'>hyemes</span> <span class='ocrx_word' id='word_1_75' title='bbox 778 1802 894 1900; x_wconf 89' lang='lat' dir='ltr'>illam,</span> <span class='ocrx_word' id='word_1_76' title='bbox 910 1830 987 1882; x_wconf 89' lang='lat' dir='ltr'>non</span> <span class='ocrx_word' id='word_1_77' title='bbox 1002 1801 1128 1905; x_wconf 84' lang='lat' dir='ltr'>flabra,</span> <span class='ocrx_word' id='word_1_78' title='bbox 1147 1833 1273 1914; x_wconf 85' lang='lat' dir='ltr'>neque</span> <span class='ocrx_word' id='word_1_79' title='bbox 1292 1804 1431 1884; x_wconf 83' lang='lat' dir='ltr'>imbres</span> 
     </span>
     <span class='ocr_line' id='line_1_12' title="bbox 387 1938 1442 2051; baseline -0.001 -28"><span class='ocrx_word' id='word_1_80' title='bbox 387 1938 642 2023; x_wconf 76' lang='lat' dir='ltr'>convellunt:</span> <span class='ocrx_word' id='word_1_81' title='bbox 672 1939 834 2021; x_wconf 79' lang='lat' dir='ltr'>immota</span> <span class='ocrx_word' id='word_1_82' title='bbox 850 1957 991 2035; x_wconf 88' lang='lat' dir='ltr'>manet,</span> <span class='ocrx_word' id='word_1_83' title='bbox 1009 1938 1222 2050; x_wconf 89' lang='lat' dir='ltr'>multosque</span> <span class='ocrx_word' id='word_1_84' title='bbox 1239 1969 1306 2051; x_wconf 90' lang='lat' dir='ltr'>per</span> <span class='ocrx_word' id='word_1_85' title='bbox 1325 1968 1442 2023; x_wconf 86' lang='lat' dir='ltr'>armos</span> 
     </span>
     <span class='ocr_line' id='line_1_13' title="bbox 389 2077 1462 2193; baseline 0 -30"><span class='ocrx_word' id='word_1_86' title='bbox 389 2080 522 2164; x_wconf 77' lang='lat' dir='ltr'>Mults</span> <span class='ocrx_word' id='word_1_87' title='bbox 532 2080 657 2162; x_wconf 89' lang='lat' dir='ltr'>virum</span> <span class='ocrx_word' id='word_1_88' title='bbox 673 2077 825 2161; x_wconf 87' lang='lat' dir='ltr'>volvens</span> <span class='ocrx_word' id='word_1_89' title='bbox 842 2078 1011 2160; x_wconf 87' lang='lat' dir='ltr'>durando</span> <span class='ocrx_word' id='word_1_90' title='bbox 1024 2077 1167 2160; x_wconf 83' lang='lat' dir='ltr'>saecula</span> <span class='ocrx_word' id='word_1_91' title='bbox 1184 2079 1309 2164; x_wconf 89' lang='lat' dir='ltr'>vincit.</span> <span class='ocrx_word' id='word_1_92' title='bbox 1375 2108 1429 2192; x_wconf 82' lang='lat'>29</span> <span class='ocrx_word' id='word_1_93' title='bbox 1437 2110 1462 2193; x_wconf 85' lang='lat'><em>5</em></span> 
     </span>
     <span class='ocr_line' id='line_1_14' title="bbox 389 2205 1251 2302; baseline 0 -1"><span class='ocrx_word' id='word_1_94' title='bbox 389 2205 505 2301; x_wconf 84' lang='lat' dir='ltr'>Tunr</span> <span class='ocrx_word' id='word_1_95' title='bbox 519 2217 631 2301; x_wconf 85' lang='lat' dir='ltr'>fortes</span> <span class='ocrx_word' id='word_1_96' title='bbox 652 2215 726 2299; x_wconf 84' lang='lat' dir='ltr'>late</span> <span class='ocrx_word' id='word_1_97' title='bbox 743 2246 866 2302; x_wconf 87' lang='lat' dir='ltr'>ramos</span> <span class='ocrx_word' id='word_1_98' title='bbox 878 2235 916 2299; x_wconf 87' lang='lat' dir='ltr'>et</span> <span class='ocrx_word' id='word_1_99' title='bbox 932 2216 1085 2299; x_wconf 84' lang='lat' dir='ltr'>brachia</span> <span class='ocrx_word' id='word_1_100' title='bbox 1096 2220 1251 2302; x_wconf 83' lang='lat' dir='ltr'>tendens</span> 
     </span>
     <span class='ocr_line' id='line_1_15' title="bbox 389 2358 1419 2470; baseline -0.003 -27"><span class='ocrx_word' id='word_1_101' title='bbox 389 2362 484 2464; x_wconf 84' lang='lat' dir='ltr'>Huc</span> <span class='ocrx_word' id='word_1_102' title='bbox 504 2358 611 2458; x_wconf 89' lang='lat' dir='ltr'>illuc,</span> <span class='ocrx_word' id='word_1_103' title='bbox 623 2358 750 2440; x_wconf 84' lang='lat' dir='ltr'>media</span> <span class='ocrx_word' id='word_1_104' title='bbox 761 2359 838 2470; x_wconf 91' lang='lat' dir='ltr'>ipsa</span> <span class='ocrx_word' id='word_1_105' title='bbox 855 2361 1048 2469; x_wconf 86' lang='lat' dir='ltr'>ingentem</span> <span class='ocrx_word' id='word_1_106' title='bbox 1066 2360 1217 2441; x_wconf 85' lang='lat' dir='ltr'>sustinet</span> <span class='ocrx_word' id='word_1_107' title='bbox 1231 2360 1419 2441; x_wconf 87' lang='lat' dir='ltr'>umbram.</span> 
     </span>
     <span class='ocr_line' id='line_1_16' title="bbox 388 2498 1319 2609; baseline -0.001 -26"><span class='ocrx_word' id='word_1_108' title='bbox 388 2501 501 2584; x_wconf 88' lang='lat' dir='ltr'>Neve</span> <span class='ocrx_word' id='word_1_109' title='bbox 513 2499 583 2580; x_wconf 90' lang='lat' dir='ltr'>tibi</span> <span class='ocrx_word' id='word_1_110' title='bbox 599 2499 650 2580; x_wconf 68' lang='lat' dir='ltr'>vad</span> <span class='ocrx_word' id='word_1_111' title='bbox 670 2498 789 2581; x_wconf 90' lang='lat' dir='ltr'>solem</span> <span class='ocrx_word' id='word_1_112' title='bbox 804 2516 956 2609; x_wconf 86' lang='lat' dir='ltr'>vergant</span> <span class='ocrx_word' id='word_1_113' title='bbox 968 2500 1091 2582; x_wconf 83' lang='lat' dir='ltr'>vineta</span> <span class='ocrx_word' id='word_1_114' title='bbox 1105 2501 1319 2582; x_wconf 86' lang='lat' dir='ltr'>cadentem:</span> 
     </span>
    </p>

    <p class='ocr_par' dir='ltr' id='par_1_5' title="bbox 388 2642 1466 3176">
     <span class='ocr_line' id='line_1_17' title="bbox 388 2642 1297 2754; baseline -0.011 -22"><span class='ocrx_word' id='word_1_115' title='bbox 388 2646 501 2733; x_wconf 87' lang='lat' dir='ltr'>Neve</span> <span class='ocrx_word' id='word_1_116' title='bbox 514 2645 608 2725; x_wconf 88' lang='lat' dir='ltr'>inter</span> <span class='ocrx_word' id='word_1_117' title='bbox 621 2642 713 2725; x_wconf 88' lang='lat' dir='ltr'>vites</span> <span class='ocrx_word' id='word_1_118' title='bbox 723 2642 899 2753; x_wconf 90' lang='lat' dir='ltr'>corylum</span> <span class='ocrx_word' id='word_1_119' title='bbox 912 2643 1012 2725; x_wconf 88' lang='lat' dir='ltr'>sere:</span> <span class='ocrx_word' id='word_1_120' title='bbox 1043 2668 1138 2724; x_wconf 89' lang='lat' dir='ltr'>neve</span> <span class='ocrx_word' id='word_1_121' title='bbox 1151 2643 1297 2754; x_wconf 84' lang='lat' dir='ltr'>flagella</span> 
     </span>
     <span class='ocr_line' id='line_1_18' title="bbox 390 2781 1466 2895; baseline -0.005 -30"><span class='ocrx_word' id='word_1_122' title='bbox 390 2786 550 2865; x_wconf 83' lang='lat' dir='ltr'>Summa</span> <span class='ocrx_word' id='word_1_123' title='bbox 566 2799 665 2895; x_wconf 86' lang='lat' dir='ltr'>pete,</span> <span class='ocrx_word' id='word_1_124' title='bbox 682 2800 745 2864; x_wconf 88' lang='lat' dir='ltr'>aut</span> <span class='ocrx_word' id='word_1_125' title='bbox 756 2782 905 2864; x_wconf 89' lang='lat' dir='ltr'>summa</span> <span class='ocrx_word' id='word_1_126' title='bbox 916 2782 1155 2893; x_wconf 83' lang='lat' dir='ltr'>destringeex</span> <span class='ocrx_word' id='word_1_127' title='bbox 1168 2784 1297 2865; x_wconf 87' lang='lat' dir='ltr'>arbore</span> <span class='ocrx_word' id='word_1_128' title='bbox 1307 2781 1466 2893; x_wconf 60' lang='lat' dir='ltr'>plantas:</span> 
     </span>
     <span class='ocr_line' id='line_1_19' title="bbox 392 2921 1460 3037; baseline 0.003 -36"><span class='ocrx_word' id='word_1_129' title='bbox 392 2923 559 3037; x_wconf 83' lang='lat' dir='ltr'>(Tantus</span> <span class='ocrx_word' id='word_1_130' title='bbox 576 2950 683 3004; x_wconf 87' lang='lat' dir='ltr'>amor</span> <span class='ocrx_word' id='word_1_131' title='bbox 702 2921 838 3031; x_wconf 83' lang='lat' dir='ltr'>terrae)</span> <span class='ocrx_word' id='word_1_132' title='bbox 853 2951 928 3004; x_wconf 91' lang='lat' dir='ltr'>neu</span> <span class='ocrx_word' id='word_1_133' title='bbox 941 2922 1039 3004; x_wconf 90' lang='lat' dir='ltr'>ferro</span> <span class='ocrx_word' id='word_1_134' title='bbox 1057 2921 1162 3004; x_wconf 90' lang='lat' dir='ltr'>laede</span> <span class='ocrx_word' id='word_1_135' title='bbox 1175 2923 1296 3004; x_wconf 87' lang='lat' dir='ltr'>retuso</span> <span class='ocrx_word' id='word_1_136' title='bbox 1380 2951 1460 3032; x_wconf 82' lang='lat'>30¹</span> 
     </span>
     <span class='ocr_line' id='line_1_20' title="bbox 392 3063 1320 3176; baseline 0 -28"><span class='ocrx_word' id='word_1_137' title='bbox 392 3065 564 3159; x_wconf 74' lang='lat' dir='ltr'>Semina:</span> <span class='ocrx_word' id='word_1_138' title='bbox 592 3092 685 3147; x_wconf 83' lang='lat' dir='ltr'>neve</span> <span class='ocrx_word' id='word_1_139' title='bbox 701 3063 804 3147; x_wconf 84' lang='lat' dir='ltr'>oleae</span> <span class='ocrx_word' id='word_1_140' title='bbox 824 3065 1013 3176; x_wconf 88' lang='lat' dir='ltr'>sylvestres</span> <span class='ocrx_word' id='word_1_141' title='bbox 1027 3064 1142 3147; x_wconf 88' lang='lat' dir='ltr'>insere</span> <span class='ocrx_word' id='word_1_142' title='bbox 1156 3081 1320 3148; x_wconf 89' lang='lat' dir='ltr'>truncos.</span> 
     </span>
    </p>

    <p class='ocr_par' dir='ltr' id='par_1_6' title="bbox 391 3206 1298 3318">
     <span class='ocr_line' id='line_1_21' title="bbox 391 3206 1298 3318; baseline -0.008 -27"><span class='ocrx_word' id='word_1_143' title='bbox 391 3208 500 3291; x_wconf 87' lang='lat' dir='ltr'>Nam</span> <span class='ocrx_word' id='word_1_144' title='bbox 521 3208 627 3318; x_wconf 86' lang='lat' dir='ltr'>saepe</span> <span class='ocrx_word' id='word_1_145' title='bbox 648 3209 804 3290; x_wconf 89' lang='lat' dir='ltr'>incautis</span> <span class='ocrx_word' id='word_1_146' title='bbox 815 3207 1022 3318; x_wconf 87' lang='lat' dir='ltr'>pastoribus</span> <span class='ocrx_word' id='word_1_147' title='bbox 1036 3206 1174 3288; x_wconf 85' lang='lat' dir='ltr'>excidit</span> <span class='ocrx_word' id='word_1_148' title='bbox 1190 3206 1298 3314; x_wconf 85' lang='lat' dir='ltr'>ignis,</span> 
     </span>
    </p>

    <p class='ocr_par' dir='ltr' id='par_1_7' title="bbox 393 3345 1469 3738">
     <span class='ocr_line' id='line_1_22' title="bbox 393 3345 1334 3457; baseline -0.002 -31"><span class='ocrx_word' id='word_1_149' title='bbox 393 3351 475 3452; x_wconf 80' lang='lat' dir='ltr'>Qi</span> <span class='ocrx_word' id='word_1_150' title='bbox 492 3348 624 3425; x_wconf 86' lang='lat' dir='ltr'>furtim</span> <span class='ocrx_word' id='word_1_151' title='bbox 646 3348 777 3455; x_wconf 85' lang='lat' dir='ltr'>pingui</span> <span class='ocrx_word' id='word_1_152' title='bbox 795 3350 965 3457; x_wconf 87' lang='lat' dir='ltr'>primum</span> <span class='ocrx_word' id='word_1_153' title='bbox 982 3346 1050 3426; x_wconf 94' lang='lat' dir='ltr'>sub</span> <span class='ocrx_word' id='word_1_154' title='bbox 1064 3345 1202 3425; x_wconf 88' lang='lat' dir='ltr'>cortice</span> <span class='ocrx_word' id='word_1_155' title='bbox 1216 3349 1334 3425; x_wconf 71' lang='lat' dir='ltr'>tesius</span> 
     </span>
     <span class='ocr_line' id='line_1_23' title="bbox 394 3485 1469 3599; baseline -0.002 -30"><span class='ocrx_word' id='word_1_156' title='bbox 394 3488 549 3570; x_wconf 91' lang='lat' dir='ltr'>Robora</span> <span class='ocrx_word' id='word_1_157' title='bbox 560 3487 810 3597; x_wconf 88' lang='lat' dir='ltr'>comprendit,</span> <span class='ocrx_word' id='word_1_158' title='bbox 822 3486 1043 3599; x_wconf 88' lang='lat' dir='ltr'>frondesque</span> <span class='ocrx_word' id='word_1_159' title='bbox 1054 3485 1195 3597; x_wconf 88' lang='lat' dir='ltr'>elapsus</span> <span class='ocrx_word' id='word_1_160' title='bbox 1208 3487 1248 3566; x_wconf 87' lang='lat' dir='ltr'>in</span> <span class='ocrx_word' id='word_1_161' title='bbox 1261 3485 1349 3565; x_wconf 84' lang='lat' dir='ltr'>altas</span> <span class='ocrx_word' id='word_1_162' title='bbox 1384 3511 1469 3595; x_wconf 79' lang='lat'>305</span> 
     </span>
     <span class='ocr_line' id='line_1_24' title="bbox 396 3625 1333 3738; baseline -0.001 -32"><span class='ocrx_word' id='word_1_163' title='bbox 396 3629 595 3738; x_wconf 78' lang='lat' dir='ltr'>ingentem</span> <span class='ocrx_word' id='word_1_164' title='bbox 611 3628 717 3710; x_wconf 89' lang='lat' dir='ltr'>coelo</span> <span class='ocrx_word' id='word_1_165' title='bbox 737 3631 900 3712; x_wconf 90' lang='lat' dir='ltr'>sonitum</span> <span class='ocrx_word' id='word_1_166' title='bbox 920 3629 1049 3711; x_wconf 89' lang='lat' dir='ltr'>dedit:</span> <span class='ocrx_word' id='word_1_167' title='bbox 1081 3625 1168 3706; x_wconf 89' lang='lat' dir='ltr'>inde</span> <span class='ocrx_word' id='word_1_168' title='bbox 1188 3625 1333 3706; x_wconf 89' lang='lat' dir='ltr'>secutus</span> 
     </span>
    </p>

    <p class='ocr_par' dir='ltr' id='par_1_8' title="bbox 395 3766 1383 3880">
     <span class='ocr_line' id='line_1_25' title="bbox 395 3766 1383 3880; baseline -0.002 -34"><span class='ocrx_word' id='word_1_169' title='bbox 395 3767 468 3861; x_wconf 78' lang='lat' dir='ltr'>Per</span> <span class='ocrx_word' id='word_1_170' title='bbox 486 3798 609 3850; x_wconf 83' lang='lat' dir='ltr'>ramos</span> <span class='ocrx_word' id='word_1_171' title='bbox 627 3769 757 3867; x_wconf 67' lang='lat' dir='ltr'>vidior,</span> <span class='ocrx_word' id='word_1_172' title='bbox 776 3797 917 3880; x_wconf 90' lang='lat' dir='ltr'>perque</span> <span class='ocrx_word' id='word_1_173' title='bbox 937 3769 1009 3848; x_wconf 85' lang='lat' dir='ltr'>alta</span> <span class='ocrx_word' id='word_1_174' title='bbox 1026 3766 1225 3849; x_wconf 88' lang='lat' dir='ltr'>cacumina</span> <span class='ocrx_word' id='word_1_175' title='bbox 1243 3783 1383 3874; x_wconf 83' lang='lat' dir='ltr'>regnat,</span> 
     </span>
    </p>

    <p class='ocr_par' dir='ltr' id='par_1_9' title="bbox 394 3906 1404 4157">
     <span class='ocr_line' id='line_1_26' title="bbox 394 3906 1399 4006; baseline -0.003 -18"><span class='ocrx_word' id='word_1_176' title='bbox 394 3908 446 3988; x_wconf 90' lang='lat' dir='ltr'>Et</span> <span class='ocrx_word' id='word_1_177' title='bbox 467 3924 591 3985; x_wconf 89' lang='lat' dir='ltr'>totum</span> <span class='ocrx_word' id='word_1_178' title='bbox 611 3906 767 3988; x_wconf 88' lang='lat' dir='ltr'>involvit</span> <span class='ocrx_word' id='word_1_179' title='bbox 786 3907 950 3986; x_wconf 86' lang='lat' dir='ltr'>flammis</span> <span class='ocrx_word' id='word_1_180' title='bbox 971 3936 1118 4006; x_wconf 88' lang='lat' dir='ltr'>nemus,</span> <span class='ocrx_word' id='word_1_181' title='bbox 1138 3925 1175 3986; x_wconf 88' lang='lat' dir='ltr'>et</span> <span class='ocrx_word' id='word_1_182' title='bbox 1194 3906 1267 3987; x_wconf 90' lang='lat' dir='ltr'>ruit</span> <span class='ocrx_word' id='word_1_183' title='bbox 1281 3918 1399 3987; x_wconf 80' lang='lat' dir='ltr'>atram</span> 
     </span>
     <span class='ocr_line' id='line_1_27' title="bbox 397 4043 1404 4157; baseline 0.004 -30"><span class='ocrx_word' id='word_1_184' title='bbox 397 4045 461 4127; x_wconf 84' lang='lat' dir='ltr'>Ad</span> <span class='ocrx_word' id='word_1_185' title='bbox 479 4043 631 4127; x_wconf 87' lang='lat' dir='ltr'>coelum</span> <span class='ocrx_word' id='word_1_186' title='bbox 652 4045 758 4155; x_wconf 87' lang='lat' dir='ltr'>picea</span> <span class='ocrx_word' id='word_1_187' title='bbox 774 4045 906 4126; x_wconf 79' lang='lat' dir='ltr'>crassus</span> <span class='ocrx_word' id='word_1_188' title='bbox 920 4047 1078 4157; x_wconf 83' lang='lat' dir='ltr'>caligine</span> <span class='ocrx_word' id='word_1_189' title='bbox 1097 4049 1268 4130; x_wconf 87' lang='lat' dir='ltr'>nubem:</span> <span class='ocrx_word' id='word_1_190' title='bbox 1402 4089 1404 4092; x_wconf 95' lang='lat'>·</span> 
     </span>
    </p>
   </div>
   <div class='ocr_carea' id='block_1_4' title="bbox 328 4185 1461 4403">
    <p class='ocr_par' dir='ltr' id='par_1_10' title="bbox 328 4185 1461 4403">
     <span class='ocr_line' id='line_1_28' title="bbox 395 4185 1461 4300; baseline 0 -32"><span class='ocrx_word' id='word_1_191' title='bbox 395 4185 614 4270; x_wconf 82' lang='lat' dir='ltr'>Praesertim</span> <span class='ocrx_word' id='word_1_192' title='bbox 631 4185 660 4271; x_wconf 88' lang='lat' dir='ltr'>sr</span> <span class='ocrx_word' id='word_1_193' title='bbox 677 4186 874 4300; x_wconf 85' lang='lat' dir='ltr'>tempestas</span> <span class='ocrx_word' id='word_1_194' title='bbox 892 4217 914 4271; x_wconf 82' lang='lat' dir='ltr'>a</span> <span class='ocrx_word' id='word_1_195' title='bbox 935 4190 1071 4272; x_wconf 89' lang='lat' dir='ltr'>vertice</span> <span class='ocrx_word' id='word_1_196' title='bbox 1091 4188 1201 4299; x_wconf 88' lang='lat' dir='ltr'>sylvis</span> <span class='ocrx_word' id='word_1_197' title='bbox 1315 4254 1317 4258; x_wconf 26' lang='lat' dir='ltr'>r</span> <span class='ocrx_word' id='word_1_198' title='bbox 1387 4205 1461 4284; x_wconf 83' lang='lat'>31</span> 
     </span>
     <span class='ocr_line' id='line_1_29' title="bbox 328 4315 1461 4403; baseline -0.017 9"><span class='ocrx_word' id='word_1_199' title='bbox 328 4315 331 4324; x_wconf 40' lang='lat'><strong>¹</strong></span> <span class='ocrx_word' id='word_1_200' title='bbox 418 4341 422 4348; x_wconf 85' lang='lat'>&#39;</span> <span class='ocrx_word' id='word_1_201' title='bbox 1283 4315 1461 4403; x_wconf 87' lang='lat' dir='ltr'>Incubuit</span> 
     </span>
    </p>
   </div>
   <div class='ocr_carea' id='block_1_5' title="bbox 0 0 1499 5078">
    <p class='ocr_par' dir='ltr' id='par_1_11' title="bbox 0 0 1499 5078">
     <span class='ocr_line' id='line_1_30' title="bbox 0 0 1499 5078; baseline 0 0"><span class='ocrx_word' id='word_1_202' title='bbox 0 0 1499 5078; x_wconf 95' lang='lat' dir='ltr'> </span> 
     </span>
    </p>
   </div>
  </div>
 </body>
</html>
