2948 5078
386 498 389 503 Ι
454 358 814 454 Groncrea.
849 355 974 452 Lu
1011 340 1118 457 1v.*
1185 316 1282 500 rog

205 563 372 659 Martius
386 559 450 645 ille
466 563 560 644 aeris
576 543 678 651 ranei
696 587 811 643 canor
827 558 1006 673 increpat,
1037 579 1077 644 et
1094 592 1172 651 vox

202 707 371 790 Auditur
386 703 522 788 fractos
538 704 678 809 sonimr
694 702 839 785 imitata
853 703 1044 790 tubarum.

201 848 313 931 Tum
330 845 494 956 trepidae
508 844 604 928 inter
620 843 658 927 se
677 830 828 941 coe'unt,
846 844 1052 955 pennisque
1069 849 1279 954 coruscant,

201 985 424 1099 Spiculaque
437 1002 624 1070 exacuunt
642 985 781 1084 rostris,
812 1002 1014 1097 aptantque
1031 989 1198 1092 lacertos,

200 1129 253 1211 Et
270 1127 370 1210 circa
387 1154 517 1237 regem
529 1143 642 1236 atque
660 1124 738 1234 ipsa
753 1123 804 1205 ad
820 1126 1003 1235 praetoria
1016 1127 1149 1212 densae
1217 1161 1244 1247 7
1250 1158 1279 1248 5
1353 1192 1355 1197 Α

199 1267 422 1363 Miscentur,
452 1263 670 1376 magnisque
682 1279 818 1346 vocant
834 1263 1063 1350 clamoribus
1076 1267 1240 1361 nouem.

202 1409 320 1519 Ergo,
351 1407 417 1488 ubi
435 1433 500 1489 ver
515 1408 644 1488 nactae
658 1403 795 1518 sudum
810 1405 1038 1516 ,camposque
1050 1427 1231 1519 putentes,

200 1549 420 1658 Erumpunt
436 1545 565 1658 portis,
594 1516 852 1641 concurrimr3
881 1543 1030 1628 aethere
1048 1548 1089 1631 in
1105 1551 1186 1632 alto

201 1685 266 1769 Fit
279 1685 430 1784 sonitur,
450 1711 638 1794 magnum
651 1682 791 1765 mixtae
808 1680 1061 1791 glomerantur
1077 1687 1118 1769 in
1130 1689 1277 1789 orbern,

201 1825 495 1939 Praecipitesque
508 1824 658 1908 cadunt.
688 1851 766 1904 non
779 1821 924 1906 densior
935 1833 1017 1908 a‘e're
1028 1829 1185 1938 grando,
1219 1832 1277 1916 80

201 1968 288 2051 Nec
309 1969 356 2050 de
374 1966 547 2058 conculsa
569 1982 716 2048 tantum
735 1964 832 2075 pluit
849 1965 935 2048 ilice
952 1966 1112 2075 glandis.

200 2107 274 2219 Ipfi
291 2136 358 2219 per
375 2109 517 2201 medias
534 2107 643 2206 acies,
675 2106 878 2212 insignibus
893 2105 974 2204 alis,

201 2249 375 2358 Ingentes
392 2250 537 2331 animos
554 2247 710 2357 angusto
727 2249 767 2329 in
785 2253 935 2361 pedtore
950 2250 1106 2342 versant.

202 2391 332 2502 Usque
345 2392 438 2474 adeo
449 2390 580 2474 obnixi
594 2418 672 2472 non
685 2391 828 2493 cedere,
855 2392 951 2475 dum
964 2395 1257 2504 gravisauthot,

200 2532 282 2612 Aut
299 2530 383 2632 hoo,
411 2532 512 2615 versa
529 2531 620 2643 fuga
639 2531 757 2614 vidtor
770 2535 858 2612 dare
871 2551 975 2639 terga
987 2534 1143 2642 subegit.
1217 2539 1240 2617 8
1248 2564 1274 2649 ς

200 2670 257 2751 Ηί
272 2691 397 2753 motus
409 2675 638 2768 animorum,
668 2689 780 2778 atque
799 2667 892 2783 haec
909 2670 1113 2752 certamina
1130 2689 1232 2754 tanta

199 2810 366 2892 Pulveris
380 2812 506 2920 exigui
519 2813 623 2919 Jadtu
640 2807 845 2919 compressa
862 2809 1067 2918 quiescunt.

198 2947 346 3029 Verum
364 2948 431 3029 ubi
446 2949 616 3029 dustores
634 2948 714 3027 acie
731 2950 956 3031 revocaveris
968 2953 1111 3050 ambo;
1263 3058 1267 3063 1

198 3085 372 3168 Deterior
385 3086 450 3194 qui
469 3084 578 3181 visus,
606 3113 709 3182 eum,
740 3115 788 3169 ne
804 3087 981 3198 prodigus
993 3089 1102 3188 obfit‚

198 3228 308 3311 Dede
325 3207 434 3309 neci:
458 3218 600 3308 ¹melior
616 3254 732 3308 vacua
747 3228 822 3308 fine
836 3248 966 3337 regnet
979 3229 1020 3321 in
1039 3228 1135 3312 aula.
1214 3257 1283 3340 90,

198 3369 307 3453 Alter
322 3369 391 3450 erit
410 3365 566 3450 maculis
583 3395 675 3453 auro
694 3368 944 3477 squalentibus
960 3370 1111 3453 ardens:

196 3513 325 3624 (Nam
342 3509 418 3590 duo
439 3507 525 3590 sunt
541 3506 695 3619 genera)
718 3508 782 3591 hic
794 3509 942 3607 melior,
973 3511 1124 3620 insignis
1139 3526 1177 3592 et
1193 3539 1271 3617 ore,

196 3650 249 3732 Et
266 3648 386 3735 rutilis
404 3650 523 3731 clarus
540 3649 728 3760 squamisr
758 3648 823 3730 ille
839 3646 1012 3732 horridus
1031 3651 1122 3734 alter

197 3790 365 3891 Desidia,
394 3790 584 3902 latamque
599 3787 749 3894 trahens
767 3789 947 3900 inglorius
962 3792 1103 3898 alvum.

197 3933 255 4016 Ut
274 3932 539 4049 binaepregum
552 3932 678 4043 faciet,
706 3931 758 4014 ita
773 3960 931 4046 corpora
945 3933 1089 4046 plebir3

196 4072 382 4183 Namque
393 4071 487 4156 uiae
502 4091 628 4188 turpes
645 4072 810 4174 horrent,
841 4104 913 4158 ceu
925 4045 1076 4187 pulvere
1092 4077 1141 4159 ab
1160 4075 1245 4190 alto

195 4212 303 4314 Cum
317 4213 436 4315 teuit,
462 4232 503 4303 et
517 4211 764 4323 terramficco
779 4215 882 4330 spuit
897 4217 1100 4320 ote1viator

643 4348 746 4472 ΗΔ,
1111 4346 1275 4441 Aridus:
1321 4341 1327 4346 ⁴
