2948 5078
293 413 363 512 34
494 374 549 470 P.
578 371 855 476 urrunn-
883 360 1166 495 Mnaourr

288 576 475 662 Conditus
491 575 531 656 in
545 575 701 674 nubem,
715 554 918 685 m'edioque
932 572 1108 683 refugerit
1125 577 1215 657 orbe
1228 575 1244 674 ς

288 717 455 828 Suspeffi
468 717 536 799 tibi
553 719 625 798 fint
642 716 800 797 imbres:
830 716 1169 824 nanque-urgetab
1181 717 1262 797 alto

286 854 569 967 A'rboribusque
582 855 735 963 satisque
749 852 870 952 notus,
887 854 1087 962 pecorique
1099 854 1250 937 finirier.

119 1044 121 1048 .
288 1000 452 1083 Autubi
466 996 677 1081 sublimem
695 995 806 1076 densa
824 995 918 1076 inter
935 994 1064 1075 nubila
1075 993 1146 1077 sese
1268 1021 1356 1104 445

290 1138 438 1225 Diverfi
450 1155 626 1247 rumpent
635 1134 740 1233 radii,
752 1151 818 1215 aut
828 1135 893 1215 ubi
909 1134 1045 1245 pallida
1056 1134 1178 1246 surget
1234 1191 1249 1198 --
1422 1195 1426 1209 .

289 1279 452 1362 Tithoni
467 1303 649 1359 <noenum⁴
658 1275 832 1384 linquens
848 1279 996 1357 Aurora
1009 1276 1156 1359 cubile:

288 1415 394 1512 Heu,
414 1415 515 1507 male
533 1433 618 1501 tum
629 1416 738 1505 mites
752 1414 929 1496 defendet
943 1416 1144 1525 pampinus
1161 1440 1264 1512 uvas,

288 1555 394 1641 Tam
407 1553 529 1639 multa
543 1556 583 1636 in
596 1555 702 1636 testis
714 1540 896 1666 crepitans
913 1555 991 1636 salit
1003 1554 1153 1637 horrida
1163 1551 1317 1665 grando.

211 1695 212 1698 ‘
288 1695 382 1778 Hoc
398 1694 521 1791 etiam,
542 1695 692 1786 emenso
712 1725 804 1777 cum
810 1698 893 1804 jam
912 1697 1065 1785 decedet
1075 1697 1296 1804 “Olympum
1302 1721 1357 1803 50

117 1856 121 1864 “
289 1830 478 1915 Profuerit
496 1832 704 1914 meminisse
722 1835 862 1938 magis:
893 1861 984 1917 nam
1003 1834 1107 1943 saepe
1128 1834 1299 1912 ridemur

287 1969 406 2080 Ipfius
426 1969 466 2052 in
480 1969 588 2054 vultu
600 1971 718 2053 varius
737 1998 854 2052 errare
872 1969 1027 2054 colores.
1131 2064 1132 2067 q

289 2109 496 2196 Coeruleus
512 2107 682 2220 pluviam
699 2109 904 2207 denuntiat,
923 2111 1053 2219 igneus
1071 2137 1202 2193 euros:

290 2250 356 2331 Sin
376 2247 741 2359 manuaeineipient
760 2250 874 2332 rutilo
893 2251 1134 2333 immiscerier
1151 2251 1242 2361 igni,

288 2372 433 2473 Omnia
449 2389 686 2502 mncpariter
705 2410 816 2473 vento
832 2391 1046 2500 nimbisque
1064 2393 1211 2474 videbis
1269 2419 1298 2497 4
1304 2417 1329 2501 5
1335 2418 1359 2502 5

287 2533 458 2617 Fervere.
491 2560 570 2614 non
588 2531 651 2613 illa
668 2532 866 2643 quisquam
879 2547 945 2615 'me
962 2536 1072 2613 noete
1089 2561 1155 2645 per
1168 2532 1287 2613 altum

96 2745 97 2752 a
289 2677 362 2772 Ire,
380 2701 503 2785 neque
517 2689 647 2760 aterra
662 2695 814 2756 moneat
827 2673 1033 2756 convellere
1054 2674 1198 2757 firnem.

290 2816 346 2894 At
365 2814 405 2908 sr,
421 2841 511 2892 cum
525 2813 732 2922 referetque
750 2816 864 2912 diem,
880 2814 1088 2922 condetque
1101 2813 1273 2907 relatum,

115 3029 120 3037 ,
289 2949 461 3034 Lucidus.
473 2950 572 3032 orbis
586 2950 678 3047 erit;
709 2951 842 3035 frustra
853 2953 1032 3032 terrebere
1050 2941 1208 3046 nimbis‚'

290 3090 344 3170 Et
357 3088 457 3178 claro
473 3079 592 3197 sylvae
611 3117 737 3173 cernes
749 3091 923 3200 aquilone
946 3093 1101 3174 moveri.
1274 3058 1361 3199 460

291 3230 481 3337 Denique,
497 3229 589 3336 quid
603 3230 728 3340 vesper
748 3232 846 3312 serus
864 3230 987 3329 vehat,
1008 3230 1107 3310 unde
1119 3229 1259 3310 serenas

292 3370 438 3447 Ventus
455 3387 538 3472 agat
558 3369 689 3465 nubes,
708 3373 800 3476 quid
819 3374 957 3478 cogitet
968 3369 1147 3449 humidus
1165 3368 1295 3464 auster,
1319 3437 1324 3441 ⁴

294 3507 357 3588 Sol
375 3507 442 3585 tibi
463 3507 563 3615 figna
576 3508 702 3589 dabit:
737 3510 863 3589 Solem
876 3513 959 3620 quis
975 3512 1096 3591 dicere
1111 3508 1247 3591 falsum

293 3648 464 3729 Audeat?
497 3645 559 3730 ille
576 3646 691 3730 etiam
710 3674 841 3732 caecos.
848 3650 981 3741 instare
997 3646 1180 3732 tumultus
1361 3656 1363 3661 ’

294 3789 407 3896 Saepe
423 3806 571 3872 monet-r
604 3788 850 3896 fraudemque
858 3808 894 3871 et
902 3808 1031 3899 operta
1041 3785 1243 3869 tumescere
1251 3786 1361 3871 bella.

292 3923 363 4012 Ille
378 3925 491 4005 etiam
499 3929 663 4011 extincto
681 3927 871 4008 miseratus
887 3932 1241 4028 Caesare-Romam,
1274 3933 1365 4038 466

290 4068 395 4149 Cum
414 4084 525 4173 caput
545 4066 699 4147 obscura
715 4067 880 4149 nitidum
900 4066 1212 4183 ferrugine-texit,

291 4205 489 4321 Impiaque
505 4222 694 4291 aeternam
709 4207 917 4322 timuerunt
925 4213 1077 4302 saecula
1083 4219 1249 4301 nm.

1168 4349 1366 4468 Tempore

270 4547 345 4644 *a
