2948 5078
392 290 441 382 P.
477 288 731 381 Vraormt
765 287 1037 380 Manoms

196 495 291 574 vitae
304 489 472 600 scriptor:
501 485 616 568 initia
635 487 782 587 aetatis,
814 483 859 566 id
870 483 931 598 est,
953 489 1058 596 usqae
1073 484 1248 598 adsepti-

194 658 289 719 mum
304 657 452 727 aarum,
483 631 670 709 Cremonae
681 627 769 736 egit.
798 631 905 726 Quae
925 629 1036 709 verba
1052 628 1102 710 fic
1118 655 1250 709 emen·

194 770 260 850 dat
275 770 433 877 Scaliger
450 769 489 849 in
511 766 740 864 Eusebium
773 765 879 874 usqae
894 761 947 844 ad
947 763 1163 873 sedecimam
1180 793 1250 847 an·

197 936 311 990 num:
340 937 418 1017 quo
435 906 512 988 fere
529 934 627 987 anno
646 890 909 985 Mediolanum
925 899 1112 988 conceffit.
1164 908 1250 987 Stu-

196 1047 258 1127 dia
273 1063 402 1127 autem
427 1044 524 1125 illius
547 1039 652 1126 suere
671 1044 806 1124 Graeci
837 1043 1033 1152 praecipue
1059 1043 1250 1140 sermonis,

192 1201 280 1264 tum
299 1183 505 1266 medicinae
522 1201 559 1265 et
582 1180 931 1264 mathematicarum
954 1181 1253 1295 disciplinarum:

195 1321 451 1433 philosophiae
463 1349 627 1430 quoque,
654 1319 721 1399 sub
739 1322 877 1426 Syronc
888 1319 1087 1427 Epicureo,
1113 1339 1151 1401 et
1161 1319 1253 1426 jux-

199 1479 237 1541 ta
263 1461 338 1568 Jos.
359 1459 586 1568 Scaligerum
608 1458 675 1539 sub
703 1460 811 1537 Catio
837 1458 951 1537 etiam
969 1458 1128 1559 Insubri,
1158 1456 1254 1569 ejus-

196 1599 288 1681 dem
305 1599 421 1679 sedtae
439 1595 673 1706 philosopho,
703 1597 769 1703 qui
800 1593 1009 1675 Mediolani
1033 1615 1138 1676 natus
1164 1613 1255 1680 erat.

196 1740 356 1820 aeneo
369 1736 526 1843 quaem
540 1733 661 1812 studio
676 1714 961 1813 socium'habuit
975 1733 1254 1832 varumnam,

197 1875 303 1981 cujus
320 1872 434 1980 gratia
452 1871 592 1950 sextam
610 1870 792 1978 Eclogam
819 1870 952 1949 deinde
968 1871 1117 1982 scripfit,
1160 1873 1256 1982 Epi·
1275 1860 1280 1867 ¹

200 2039 332 2093 careae
343 2008 598 2121 philosophiae
616 2009 750 2120 placita
767 2009 813 2089 de
827 2036 952 2091 rerum
974 2012 1115 2120 origine
1136 2010 1257 2093 conti·

199 2171 363 2235 nentem.

262 2293 411 2375 Po'e‘srm
428 2291 613 2401 imprimis
630 2291 762 2374 dicitur
774 2292 977 2402 auspicatus
995 2290 1118 2374 adhuc
1137 2321 1256 2404 puer:

203 2450 241 2512 et
258 2432 388 2535 Cirim,
409 2434 580 2531 Aetnam,
602 2431 770 2532 Calicem,
795 2436 988 2534 Moratum,
1019 2434 1158 2540 sapam,
1177 2433 1261 2516 Di-

202 2600 280 2672 ras,
314 2570 533 2671 cataleaon,
578 2569 873 2680 Epigrammata,
921 2570 1102 2678 Priapeia
1137 2573 1264 2681 junior

201 2711 387 2822 scripsisse.
451 2714 504 2791 At
517 2709 593 2807 Jos.
614 2712 785 2821 Scaliger,
819 2731 856 2792 et
869 2711 950 2820 post
970 2711 1171 2792 eumdocti
1184 2710 1261 2793 scre

204 2877 336 2932 omnes
349 2852 507 2930 Aetnam
524 2851 699 2930 Cornelio
718 2853 849 2931 Severo
866 2850 1077 2957 adjudicant
1091 2834 1115 2932 5⁴
1133 2852 1263 2931 Mare·

174 3071 178 3081 ,
205 3007 294 3087 trem,
316 2987 587 3098 Auli-Septimii
600 2991 721 3071 Severi
734 2989 804 3071 effe
818 2989 919 3069 idem
933 2988 1148 3099 suspicatur:
1180 2989 1263 3071 Di-

203 3155 282 3224 rae,
314 3127 441 3234 quina
460 3127 608 3210 Valerio
629 3131 771 3210 Catone
789 3129 940 3238 scriptae
958 3128 1039 3227 fint,
1085 3156 1131 3209 ne
1150 3128 1260 3209 dubi-

180 3362 183 3379 .
200 3265 269 3344 tari
286 3264 440 3370 quidem
453 3266 610 3372 patitur:
643 3271 769 3373 Capam
788 3267 947 3374 Virgilio
966 3264 1265 3346 tribuitPriscia·

203 3428 287 3492 nus,
318 3401 378 3477 sed
391 3399 613 3480 reclamante
632 3403 837 3508 scaligero:
883 3402 1077 3511 Priapeia,
1111 3404 1265 3484 obscoe-

203 3536 391 3620 niffimam
419 3538 734 3645 epigrammatum
763 3542 996 3651 farraginem,
1041 3575 1088 3627 ex
1122 3546 1264 3644 Ovidii,

204 3678 356 3775 Catulli,
387 3679 625 3786 Petroniique
643 3681 806 3764 faecibus
826 3686 980 3766 colleda
999 3688 1068 3767 effe
1088 3687 1264 3768 manifes-

200 3831 285 3894 tum
302 3816 366 3899 est.
405 3816 451 3895 In
478 3815 672 3901 Cataleais
689 3842 726 3903 et
745 3822 1043 3931 Epigrammatis,
1076 3845 1117 3905 ut
1142 3825 1265 3906 multa

200 3954 284 4033 sunt
309 3953 459 4061 indigna
478 3955 651 4065 Virgilio,
679 3983 828 4072 propter
841 3965 1042 4048 maledicos
1070 3932 1268 4048 etinvere·

194 4089 345 4223 candos
375 4090 462 4172 sales
480 4133 492 4191 3
525 4093 575 4175 ita
592 4101 748 4206 paucula
767 4103 950 4211 quaedam
972 4106 1107 4187 eodem
1124 4103 1269 4187 adoles.

1158 4258 1267 4326 cente
