2948 5078
614 310 647 454 .[
687 313 774 454 ι]
859 396 865 411 ,

273 706 702 845 nummum
737 739 1088 928 Murtoms

136 1074 1211 1235 Bucou1cm

337 1498 891 1616 ECLOGA
973 1501 1060 1620 -I·.-

356 1678 1024 1895 sururuou

324 2074 1013 2196 Truuuus,Maa⁴1uoaus.

132 2230 255 2315 Mn..
466 2242 579 2351 Ityre,
599 2256 640 2321 tu
660 2238 807 2350 patulae
834 2212 1013 2321 recubam
1030 2235 1098 2319 sub
1122 2256 1206 2352 teg-

269 2245 463 2627 T
477 2496 496 2511 ..
583 2366 688 2516 mine
704 2380 782 2490 fagi
1009 2406 1011 2411 ·

60 2598 64 2607 .
168 2554 171 2565 ·
464 2526 469 2535 '
490 2512 721 2626 Sylvestr'em
731 2516 836 2599 tenui
848 2515 1004 2601 Musam
1011 2521 1204 2605 meditaris

586 2685 725 2742 avena:

128 2799 214 2880 Nos
233 2794 371 2909 patriae
388 2795 494 2898 fines,
509 2814 548 2879 et
560 2797 685 2880 dulcia
701 2796 908 2909 linquimus
923 2827 1034 2900 arrae,

128 2939 214 3020 Nos
231 2938 389 3050 patriam
405 2938 596 3047 fugimus:
628 2959 684 3038 tu,
704 2941 851 3048 Tityre,
865 2940 986 3023 lentus
1005 2944 1046 3022 in
1065 2946 1201 3025 umbra

128 3079 349 3159 Formosam
365 3076 532 3157 resonare
548 3079 661 3159 doces
674 3076 910 3183 Amaryllida
922 3076 1051 3184 sylvas.
1173 3107 1198 3190 5

127 3220 240 3303 Tru.
269 3220 308 3300 0
328 3216 533 3314 Meliboee,
555 3217 660 3296 Deus
679 3214 786 3296 nobis
802 3213 895 3294 haec
917 3214 991 3297 otia
1008 3213 1110 3300 fecit.

127 3358 310 3469 Namque
325 3357 394 3438 erit
411 3354 476 3437 ille
494 3354 592 3436 mihi
606 3355 750 3465 semper
767 3357 894 3436 Deus:
925 3351 1024 3436 illius
1035 3384 1140 3439 aram

128 3501 243 3610 Saepe
263 3517 366 3580 tener
383 3497 515 3580 nostris
530 3500 578 3580 ab
596 3497 757 3580 ovilibus
769 3495 916 3587 imbuet
931 3525 1060 3606 agnus.

126 3637 196 3720 me
225 3620 465 3721 meamne
478 3640 604 3735 boves,
626 3655 669 3717 ιι
688 3638 818 3734 cernis,
836 3653 874 3715 ιι
894 3636 1016 3745 ipsum

126 3777 288 3883 Ludere,
307 3778 567 3889 quaerellem,
587 3778 734 3860 calamo
746 3776 911 3887 permisit
921 3778 1063 3888 agresti.
1144 3810 1198 3866 10

125 3915 254 4004 Mam
280 3921 376 4003 Non
388 3920 568 4031 equidem
583 3919 744 4017 invideo,
771 3918 889 4000 miror
907 3921 1053 4030 magis:
1086 3923 1199 4005 undi-

313 4087 390 4169 que
407 4060 496 4143 tutis
545 4062 551 4077 '

124 4195 257 4315 Usque
273 4197 370 4284 adeo
387 4198 556 4292 turbatur
574 4206 681 4314 agris.
712 4204 788 4304 En,
807 4202 883 4314 ipse
899 4202 1058 4315 capellas

200 4388 203 4393 ·
610 4346 648 4429 B
1022 4343 1203 4423 Protenus
