2948 5078
293 341 390 467 15⁶
472 331 524 426 Ρ.
559 331 831 465 Vrnernrr
865 328 1147 427 Manours
1222 345 1225 351 ’

283 533 519 621 Dardanidae
533 531 666 615 infenfi
684 557 821 644 poenas
837 559 929 613 cum
947 532 1124 642 sanguine
1146 535 1336 646 poscunt(

283 679 375 776 Quo
395 674 541 788 gemitu
555 660 720 756 converfi
738 670 867 768 animi,
888 672 1114 782 comprellue
1126 693 1165 755 et
1174 679 1301 761 omnis
1436 732 1439 737 ·

283 819 467 930 Impetus.
497 813 692 897 hortamur
708 812 790 911 fari,
810 840 889 921 quo
910 812 1085 922 sanguine
1102 834 1236 914 cretus,

284 960 438 1060 Quidve
452 957 558 1057 ferat,
578 973 788 1052 memoret3
809 981 905 1064 quae
920 954 965 1035 fit
984 953 1121 1036 fiducia
1139 977 1261 1069 capto.
1296 987 1356 1073 75

286 1101 359 1185 Ille
377 1101 484 1201 haec,
502 1100 667 1211 depotita
682 1097 837 1178 tandem
852 1094 1067 1200 formidine,
1082 1097 1207 1181 fatur:

287 1244 436 1327 Cunna
455 1240 634 1349 equidem
650 1236 733 1334 tibi,
762 1264 842 1334 rex,
866 1236 980 1318 fuerit
1003 1239 1269 1351 quodcunque,
1296 1237 1360 1320 fa·

470 1380 576 1461 tebor
593 1419 607 1478 ς
1057 1362 1061 1370 ¹

285 1518 400 1620 Vera,
415 1518 562 1630 inquit:
594 1547 716 1630 neque
734 1546 798 1600 me
810 1516 989 1628 Argolica
1007 1519 1180 1627 degente
1197 1519 1359 1631 negabo,

288 1662 381 1773 Hoc
394 1663 574 1774 primum.
606 1690 689 1760 nec,
711 1661 739 1743 fi
758 1660 936 1743 miserum
954 1660 1101 1742 foruna
1114 1664 1300 1743 Sinonem.

286 1801 432 1900 Finxit,
447 1828 589 1883 vanum
601 1805 714 1883 etiarn
731 1800 1028 1907 mendacemque
1042 1800 1213 1908 improba
1230 1800 1363 1908 finget.

285 1940 419 2024 Fando
437 1942 629 2052 aliquodfi
647 1943 743 2035 forte
754 1959 834 2023 tuas
846 1943 1011 2051 pervenit
1024 1941 1071 2022 ad
1091 1970 1194 2024 aures
1302 1944 1355 2026 81

112 2080 119 2094 ’
283 2081 433 2166 Belidae
446 2109 587 2163 nomen
595 2081 815 2180 Palamedis,
831 2097 868 2160 et
880 2079 1017 2187 inclyta
1028 2080 1129 2161 fama
1165 2069 1169 2074 ’

288 2218 443 2302 Gloria:
458 2248 574 2330 quern
585 2221 674 2302 falsa
688 2221 755 2301 sub
768 2219 977 2329 proditione
995 2218 1137 2326 Pelasgi

127 2397 129 2402 ·
287 2357 479 2442 insontem
497 2359 651 2442 infando
667 2358 819 2455 indicio,
836 2359 924 2468 quia
938 2358 1037 2439 bella
1046 2360 1204 2455 vetabat,

287 2499 484 2582 Demisere
502 2501 611 2596 neci;
634 2525 735 2578 nunc
755 2496 897 2578 callum
917 2497 1060 2578 lumine
1084 2498 1226 2606 lugent.
1305 2500 1362 2609 85

288 2641 356 2728 Illi
373 2670 437 2722 me
451 2641 644 2741 comitem,
664 2659 702 2720 et
717 2640 1030 2747 consanguinitate
1048 2641 1318 2749 propinquum,

291 2783 437 2891 Pauper
451 2784 489 2859 in
504 2810 608 2860 arma
623 2798 724 2890 pater
742 2780 872 2889 primis
884 2777 959 2859 huc
982 2777 1081 2858 mifit
1096 2780 1142 2857 ab
1155 2779 1271 2862 annis.

292 2923 402 3000 Dum
421 2920 537 3001 stabat
558 2950 673 3031 regno
694 2920 907 3021 incolumis,
930 2948 1138 3027 regumque
1158 2920 1305 3027 vigebat

295 3061 491 3159 Confiliis;
515 3081 553 3142 et
569 3091 637 3142 nos
651 3061 804 3172 aliquod
824 3090 1040 3169 nomenque
1060 3060 1249 3168 decusque

293 3203 496 3284 GeffimuS.
526 3203 662 3281 invidia
680 3202 878 3312 postquam
896 3201 1045 3310 pellacis
1058 3199 1200 3307 Ulyffei
1310 3224 1368 3310 90

294 3342 435 3451 (Haud
458 3343 582 3448 ignota
603 3339 754 3448 loquor)
775 3341 912 3448 superis
930 3337 1103 3418 conceffit
1116 3339 1162 3416 ab
1182 3337 1275 3432 oris3

295 3482 472 3561 Afflielus
488 3482 603 3560 vitam
616 3484 654 3561 in
668 3482 827 3563 tenebris
847 3481 1027 3589 ludtuque
1043 3477 1249 3575 trahebam,

296 3624 348 3702 Et
367 3623 493 3703 casum
505 3622 655 3703 insontis
671 3651 824 3704 mecum
842 3622 1059 3730 indignabar
1070 3619 1196 3700 amici.

296 3761 383 3842 Nec
401 3764 500 3843 tacui
517 3763 691 3854 demens:
711 3782 747 3841 et
766 3791 841 3860 me,
856 3763 932 3844 fors
944 3761 970 3840 s1
983 3790 1056 3870 qua
1070 3758 1221 3855 tuliffet,

297 3898 335 3976 Si
353 3902 489 4005 patrios
508 3932 678 4010 unquam
696 3902 912 3981 remeaffem
932 3902 1050 3982 vietor
1068 3903 1116 3982 ad
1128 3903 1264 4008 Argos,
1316 3926 1340 4008 9
1349 3925 1372 4009 5

295 4039 455 4119 Promifi
473 4038 648 4141 ultorem,
668 4059 706 4120 et
719 4039 839 4120 verbis
857 4042 942 4123 odia
956 4044 1080 4154 aspera
1098 4043 1215 4124 movi.

298 4182 402 4278 Hinc
416 4178 513 4276 mihi
526 4181 648 4295 prima
659 4181 751 4268 mali
769 4181 894 4310 labeaa
925 4180 1362 4305 hincsemperUlyffee

1143 4319 1380 4411 Criminibus
