2948 5078
339 367 648 476 Rusones,
682 366 809 477 ΕΜ»
846 369 976 484 VIII·
1140 413 1232 511 27,

135 573 249 684 (Dux
261 594 333 685 ego
346 568 463 662 vester
470 565 592 674 eram)
607 568 683 650 vidi
695 596 787 651 cum
802 589 919 655 matre
932 571 1141 683 legentem:

135 713 246 797 Alter
263 711 310 791 ab
329 710 531 799 wldecimo
547 727 633 797 tum
648 737 712 792 me
723 711 806 819 jam
823 734 1013 823 acceperat
1028 746 1173 815 annusg

132 856 221 962 Jam
238 851 386 962 fragiles
406 871 574 962 poteram
591 870 724 941 eterra
742 854 958 964 contingere
974 885 1111 953 ramos,
1142 894 1202 974 4⁰

132 995 187 1081 Ut
206 993 297 1093 vidi,
316 1009 360 1083 ut
376 993 480 1104 perii,
503 1009 546 1083 ut
559 1019 622 1083 me
638 990 761 1085 malus
778 992 928 1084 abstulit
940 1003 1068 1083 errori

130 1131 259 1244 Incipe
272 1132 481 1222 Maenalios
493 1159 660 1230 mecum,
679 1158 765 1221 mea
781 1131 863 1232 tihi,
885 1134 1019 1225 verina

131 1271 250 1355 Nunc
268 1269 357 1368 scio,
372 1269 468 1380 quid·
482 1269 526 1350 fit
540 1296 659 1350 amor.
688 1268 790 1350 duris
815 1271 856 1350 in
875 1273 1021 1356 cotibus
1038 1273 1153 1372 illum

131 1407 301 1507 Ismarus,
319 1423 385 1489 aut
400 1405 603 1516 Rhodope,
623 1424 687 1487 aut
704 1410 862 1492 extremi
882 1410 1139 1518 Garanumes,

130 1546 219 1642 Nec
230 1545 375 1654 generis
388 1545 502 1625 nostri
513 1571 676 1653 puerum
694 1572 764 1625 nec
781 1545 975 1656 sanguinis,
994 1552 1122 1640 edunt.
1140 1585 1169 1665 4
1172 1585 1200 1672 ς

130 1685 261 1797 Incipe
275 1685 485 1767 Maenalios
505 1710 672 1780 mecum,
687 1711 774 1766 mea
790 1685 892 1790 tibia,
915 1690 1046 1775 versus.

132 1828 266 1910 Saevus
280 1855 386 1915 amor
401 1826 530 1912 docuit
544 1843 720 1908 natorum
736 1825 911 1936 sanguine
923 1850 1084 1919 matrem

128 1966 416 2063 commaculare
436 1993 582 2051 manus.
612 1964 772 2047 crudelis
791 1983 834 2048 tu
847 1995 1012 2079 quoque,
1030 1993 1169 2061 mater:
1195 2070 1197 2074 ¹

128 2109 299 2205 Crudelis
311 2126 431 2191 mater
450 2107 582 2218 magis,
601 2135 649 2189 an
664 2135 757 2217 puer
773 2109 967 2219 improbus
978 2111 1069 2195 ifle?

127 2247 328 2358 Improbus
344 2245 409 2329 ille
421 2273 513 2355 puer
526 2286 538 2344 ς
569 2246 728 2328 crudelis
742 2265 783 2332 tu
797 2277 962 2362 quoque,
983 2271 1113 2341 mater.
1139 2287 1195 2373 50

127 2385 257 2496 Incipe
269 2383 478 2467 Maenalios
496 2413 662 2489 mecum,
684 2415 770 2471 mea
790 2389 893 2490 tibia,
913 2393 1047 2480 versus.

125 2525 244 2619 Nunc
261 2543 301 2609 et
317 2553 404 2608 oves
418 2524 515 2608 ultro
533 2527 652 2637 fugiat
670 2527 805 2636 lupus;
825 2556 934 2610 aurea
949 2533 1062 2615 durae

125 2666 233 2763 Mala
245 2667 364 2749 ferant
381 2695 539 2777 quercus
553 2706 565 2766 3
598 2667 751 2749 narciffo
769 2665 897 2748 floreat
912 2668 1045 2770 alnus,

125 2805 283 2916 Pinguia
298 2808 498 2889 corticibus
514 2807 647 2890 sudent
663 2806 798 2889 elecem
815 2808 992 2917 myricae.

126 2948 464 3057 Certentmycnis
478 2947 625 3029 ululae:
656 2945 701 3026 fit
713 2947 868 3056 Tityrus
882 2949 1085 3060 Orpheus:
1109 3020 1113 3025 .
1137 2980 1193 3065 55

125 3085 300 3197 Orpheus
319 3087 358 3169 in
380 3087 511 3196 sylvis:
544 3085 639 3167 inter
658 3084 853 3193 delphinas
870 3088 1005 3173 Arion.

123 3225 252 3337 Incipe
268 3225 477 3307 Maenalios
494 3249 660 3318 mecum,
680 3249 764 3301 mea
781 3221 882 3318 tibia,
902 3223 1037 3306 versus.

124 3366 264 3448 Omnia
283 3368 342 3450 vel
356 3365 528 3447 medium
546 3362 636 3444 fiant
648 3390 774 3477 mare:
806 3363 916 3445 vivite
929 3363 1062 3474 sylvae.

122 3505 301 3618 Praeceps
317 3509 405 3589 aerii
419 3506 566 3618 specula
583 3506 630 3588 de
649 3504 838 3587 montisin
857 3505 974 3588 undas

97 3675 102 3687 ¹
123 3645 291 3745 Deferat.
305 3665 518 3728 extremum
532 3644 607 3726 hoc
619 3673 756 3726 munus
764 3645 954 3728 morientis
967 3643 1115 3729 habeto.
1133 3649 1189 3743 60

122 3783 259 3881 Define
276 3787 497 3884 Maenalios,
510 3786 593 3894 jam
605 3784 739 3885 define,
755 3786 857 3882 tibia,
876 3784 1009 3869 versus.

122 3921 231 4001 Haec
251 3925 423 4025 Damon:
437 3952 515 4028 vos,
532 3952 627 4034 quae
638 3924 863 4036 responderit
880 3921 1166 4036 Alphehboeus,
1284 3958 1287 3963 ’

121 4061 263 4166 Dicite,
277 4065 450 4161 Pierides.
481 4065 696 4149 nonomnia
710 4063 902 4175 possumus
916 4092 1059 4147 omnes.

120 4203 232 4303 hbe·
253 4200 360 4306 Effe?
370 4230 522 4317 &qums
535 4221 573 4291 ‘t
585 4203 694 4305 molli
711 4204 819 4318 cinge
835 4204 1065 4297 baccaltuia
1077 4202 1187 4313 vittae

532 4384 536 4393 ·
931 4338 1190 4449 verbenasque
