2948 5078
411 352 462 446 Ρ.
495 354 760 449 Vrrernrr
796 357 1071 459 Marours

263 538 395 635 Arnus
412 555 464 637 U.
479 555 526 637 C.
549 584 650 666 714.
674 555 834 664 Augusti
856 587 927 668 24.
946 561 1104 672 Virgilii
1122 561 1194 678 3'1·

204 738 210 745 ·
263 694 888 781 cmDomrsrosCAnvrnus.
997 762 1002 769 .
1078 720 1080 726 ·

263 835 728 920 e.·As1nrusPorrro.
814 890 818 898 .

323 974 521 1055 Ctavianus
530 974 694 1056 Lucium
706 965 919 1058 Antonium
929 979 1138 1090 urbemque
1147 984 1266 1066 Peru

346 1115 633 1196 fiamdeditione
642 1115 789 1223 accipit.
818 1115 973 1198 Marcus
987 1118 1027 1199 in
1040 1118 1263 1211 lunamve

200 1249 318 1350 niens,
362 1251 530 1333 maximo
544 1251 632 1331 belli
646 1269 751 1331 metu
768 1249 880 1351 facto,
913 1254 1110 1335 Brundufii
1128 1284 1263 1366 pacem

201 1379 506 1472 cumotsaviano
519 1392 712 1501 componit
718 1390 1025 1489 ;administris,ex
1034 1413 1136 1505 parte
1144 1398 1263 1478 Osta-

199 1529 312 1629 viani,
320 1531 552 1625 Maecenate,
570 1558 618 1610 ex
634 1548 736 1640 parte
749 1529 887 1628 Marci,
896 1531 1078 1617 Pollione.
1107 1535 1264 1616 Octavia

199 1669 300 1748 soror
312 1669 520 1765 Octaviani,
531 1687 680 1747 mortuo
687 1668 871 1747 Marcello
879 1671 1002 1775 priore
1019 1673 1110 1769 vir0,
1123 1675 1263 1756 Marco

198 1805 369 1887 Antonio
381 1804 644 1910 conjuxdatur.
673 1804 1023 1886 RedeuntRomam
1034 1808 1261 1910 Triumviri;

198 1944 261 2025 sed
272 1946 383 2023 Sexto
390 1941 573 2050 Pompeio
581 1936 715 2047 Magni
728 1939 806 2022 filio
820 1968 921 2022 mare
935 1942 1104 2025 siculum
1119 1946 1259 2030 infestis

198 2083 354 2166 navibus
370 2079 572 2177 obtinente,
602 2080 720 2161 fames
731 2081 771 2160 in
790 2080 880 2162 urbe
898 2081 1056 2164 saeviens
1073 2084 1206 2171 urbem
1219 2087 1261 2170 in
1330 2190 1333 2194 ι

197 2222 436 2305 Triumviros
463 2220 634 2302 concitat.
698 2220 921 2301 ottavianus
937 2239 976 2302 et
995 2225 1193 2326 Antonius,
1235 2256 1261 2308 a

198 2361 307 2472 plebe
320 2378 465 2442 tantum
484 2387 560 2440 non
574 2356 712 2455 laniati,
742 2358 790 2439 de
802 2385 892 2469 pace
909 2387 999 2441 cum
1018 2362 1055 2444 S.
1074 2362 1260 2475 Pompeio

193 2482 423 2583 converiunt
441 2500 490 2579 ad
510 2496 696 2593 Puteolos,
727 2496 766 2576 in
784 2497 890 2578 litore
922 2486 1161 2609 Campaniae.
1200 2505 1258 2585 lta

197 2640 411 2751 compositis
424 2639 548 2740 rebus,
580 2636 716 2719 laetitia
741 2639 956 2720 communis
973 2657 1011 2719 et
1027 2667 1154 2723 rerum
1171 2671 1257 2724 orn-
1368 2692 1371 2703 ›

190 2783 306 2861 nium
323 2782 479 2891 copiain
493 2780 627 2862 urbem
639 2779 744 2861 redit.
807 2780 1007 2862 Decedunt
1025 2808 1047 2861 e
1065 2784 1256 2892 magistra.

197 2939 240 3001 tu
253 2920 445 3018 Consules,
476 2920 652 3001 Calvinus
662 2937 700 2999 et
719 2918 856 3019 Pollio,
900 2921 940 3001 in
954 2948 1092 3029 paucos
1111 2924 1178 3033 qui
1195 2925 1257 3006 su-

80 3061 85 3069 ’
190 3079 363 3168 ‘perorant
376 3061 462 3141 anni
479 3058 590 3169 hujus
609 3061 699 3158 dies,
730 3087 836 3141 more
859 3056 1011 3141 illorum
1028 3080 1256 3174 temporum.

197 3202 384 3281 Antonius
397 3201 577 3281 exercitus
590 3201 644 3280 sui
661 3217 818 3309 partem,
852 3218 893 3278 ut
905 3227 971 3309 per
990 3200 1170 3309 hyemem
1187 3232 1255 3287 ex·

186 3358 344 3436 emeret,
375 3340 490 3420 mittit
512 3338 680 3420 adversus
705 3338 911 3436 Parthinos,
952 3359 1102 3448 gentem
1130 3343 1255 3450 Illyri-

197 3506 295 3575 cam,
326 3478 473 3558 eroum
493 3479 596 3557 nus
615 3459 1041 3586 cannamomum:
1072 3483 1255 3591 expens-

185 3629 385 3726 'onemque
408 3614 569 3698 Pollioni
588 3616 654 3697 suo
671 3619 887 3721 committit,
922 3636 964 3698 ut
990 3621 1176 3729 colligitur
1207 3651 1256 3704 ex

196 3759 273 3865 ejus
299 3756 492 3867 triumpho
522 3757 570 3838 de
601 3757 785 3839 Parthinis
802 3786 899 3839 anno
929 3759 1099 3866 proxime
1125 3761 1256 3841 conse·

195 3915 345 4005 quente.

258 4037 447 4147 Virgilius,
479 4067 569 4119 cum
598 4038 696 4157 filius
714 4039 874 4120 Pollioni
899 4057 1006 4121 natus
1023 4039 1123 4139 effer,
1176 4044 1254 4151 ejus

195 4179 452 4299 genethliacon
472 4181 570 4264 canit
582 4179 724 4291 Ecloga
737 4201 885 4291 quarta:
917 4200 1119 4292 antequam
1133 4183 1256 4266 Pollio

1166 4348 1250 4404 ma·
