2948 5078
319 386 413 480 132
510 357 559 449 Pa
593 334 862 451 Vtaornrr
892 356 1168 451 Manoms

320 563 509 671 Spemque
523 579 744 671 metumque
756 564 850 643 inter
863 563 985 644 dubii:
1005 562 1066 644 seu
1077 562 1199 643 vivere
1210 559 1374 657 credant,

233 690 237 697 ⁴
319 701 402 780 Sive
417 718 584 779 extrema
601 702 690 810 pati,
718 729 786 781 nec
794 702 876 810 jam
892 702 1065 782 exaudire
1079 718 1240 781 vocatos.

318 841 522 951 Praecipue
539 841 621 950 pius
634 845 793 938 Aeneas,
823 870 924 922 nunc
941 841 1034 922 acris
1047 840 1217 936 Orontei,

319 985 438 1065 Nunc
458 984 601 1089 Amyci
618 983 744 1074 casum
762 984 892 1093 gemit,
921 1002 958 1063 et
974 984 1137 1064 crudelia
1151 983 1279 1063 secum
1302 1005 1356 1063 22
1366 1006 1390 1088 ς

318 1125 412 1206 Fata
419 1124 531 1238 Lyci,
546 1121 758 1233 fortemque
766 1126 892 1231 Gyan,
915 1122 1130 1233 fortemque
1143 1117 1393 1203 Cloanthum.

321 1264 375 1343 Et
385 1264 468 1370 jam
487 1260 570 1342 finis
583 1280 686 1344 erat:
717 1290 807 1342 cum
825 1248 971 1373 Jupiter
988 1262 1135 1343 aethere
1153 1262 1303 1342 summo

322 1405 542 1514 Despiciens
560 1432 662 1485 mare
675 1403 890 1505 velivolum,
918 1403 1101 1514 terrasque
1112 1405 1290 1512 jacentes,

323 1549 539 1658 Litoraque,
563 1564 601 1629 et
617 1547 708 1628 latos
725 1547 898 1657 populos,
920 1547 970 1626 sic
988 1547 1123 1628 vertice
1141 1544 1235 1627 coeli

323 1688 513 1787 Constitit,
541 1707 579 1769 et
592 1688 735 1794 Libyae
753 1687 883 1767 defixit
897 1687 1041 1766 lumina
1058 1685 1192 1793 regnis.
1308 1709 1394 1793 230

324 1831 455 1936 Atque
472 1828 580 1907 illum
594 1827 894 1932 talesjadtantem
907 1829 1056 1934 pectore
1068 1854 1186 1921 curas,

325 1965 499 2063 Tristior,
531 1982 568 2045 et
585 1964 758 2072 lacrymis
771 1963 904 2083 oculos
921 1961 1053 2042 suffusa
1075 1965 1245 2060 nitentes,

326 2105 543 2214 Alloquitur
569 2105 724 2186 Venus:
760 2107 811 2207 Ο,
851 2101 916 2213 qui
940 2130 996 2183 res
1024 2100 1304 2211 hominumque
1329 2097 1395 2180 de-

391 2273 533 2353 umque

328 2383 502 2463 Aeternis
516 2381 610 2492 regis
625 2381 800 2492 imperiis,
824 2401 862 2461 et
874 2383 1033 2464 fulmine
1047 2398 1168 2477 terres,
1268 2402 1289 2409 ·’

328 2525 434 2634 Qid
453 2553 560 2606 meus
578 2525 723 2604 Aeneas
740 2526 779 2605 in
797 2542 832 2604 te
853 2524 1087 2605 committere
1105 2526 1278 2615 tantum?
1309 2547 1394 2631 235

329 2666 435 2770 Qid
449 2667 570 2745 Tro‘e's
591 2683 756 2772 potuere,
786 2665 935 2772 quibus,
962 2682 1018 2743 tot
1032 2662 1162 2743 funera
1175 2662 1293 2770 paffis,

329 2807 499 2885 Cunctos
513 2808 562 2884 ob
582 2805 728 2885 Italiam
746 2825 925 2886 terrarum
945 2806 1126 2885 clauditur
1140 2804 1263 2885 orbis?

330 2949 453 3045 Certe,
489 2945 578 3026 hinc
592 2948 786 3026 Romanos
800 2946 908 3044 olim,
937 2945 1166 3023 volventibus
1181 2943 1296 3040 amnis,

330 3088 434 3166 Hinc
454 3086 532 3166 fore
547 3088 729 3181 duriores
752 3104 923 3166 revocato
943 3113 964 3162 a
983 3085 1156 3191 sanguine
1168 3083 1322 3179 Teucri,

331 3229 411 3321 Qui
426 3251 540 3321 mare,
569 3228 634 3334 qui
651 3246 759 3305 terras
781 3225 886 3305 omni
906 3226 1045 3303 ditione
1060 3242 1235 3320 tenerent,
1313 3251 1397 3329 240

332 3366 535 3446 Pollicitus.
562 3393 657 3471 quae
676 3385 723 3458 te,
752 3367 907 3472 genitor,
934 3364 1108 3443 sententia
1122 3363 1257 3440 vertit?

330 3505 423 3582 Hoc
442 3503 617 3610 equidem
637 3505 808 3584 occasum
823 3505 958 3610 Trojae
976 3500 1162 3610 tristesque
1181 3502 1305 3579 ruinas

333 3642 497 3752 Solabar,
524 3642 606 3721 fatis
621 3644 800 3722 contraria
817 3643 891 3722 fata
905 3643 1120 3751 rependens·

331 3783 449 3862 Nune
469 3783 601 3862 eadem
615 3784 763 3862 fortuna
785 3785 879 3861 viros
897 3800 951 3860 tot
972 3781 1114 3862 cafibus
1132 3781 1231 3858 nelos
1317 3808 1403 3882 244

334 3920 551 4025 Insequitur.
576 3950 691 4025 quem
709 3922 773 3998 das
789 3920 921 4017 finem,
949 3949 1014 4001 rex
1034 3947 1182 4027 magne,
1206 3915 1402 3995 laborum?

335 4063 503 4137 Antenor
521 4058 654 4164 potuit,
687 4057 820 4136 mediis
835 4057 975 4166 elapsus
989 4059 1158 4153 Achivis,

333 4198 500 4306 Illyricos
521 4216 708 4306 penetrare
727 4197 838 4299 smus,
865 4215 976 4308 atque
990 4200 1123 4283 intima
1138 4215 1237 4280 tutus

1276 4330 1415 4440 Regna
