2948 5078
216 363 285 455 44
406 321 1074 420 P..V1nc1nrrMauou1s

212 530 395 634 Stivaque,
417 551 513 634 quae
525 540 804 633 currusatergo
820 543 990 635 torqueat
1004 527 1127 608 imos:
1229 566 1232 573 ·

208 669 260 748 Et
276 663 444 774 suspensa
460 663 553 747 focis
564 663 731 774 explorat
741 664 873 746 robora
892 662 1036 747 firmus„
1103 733 1106 737 .
1193 688 1275 782 175

208 805 363 889 Possum
380 803 499 885 multa
512 804 580 884 tibi
597 821 765 884 veterum
776 821 974 912 praecepta
987 803 1134 902 referre,

209 946 267 1029 Ni
285 941 434 1051 refugis,
447 939 645 1050 tenuesque
662 940 763 1050 piget
780 941 998 1049 cognoscere
1017 969 1133 1025 curas.

211 1088 312 1168 Area
324 1110 414 1164 cum
434 1082 564 1191 primis
574 1083 714 1191 ingenti
731 1081 923 1193 aequanda
935 1082 1118 1192 cylindro,

196 1198 264 1312 xEt
281 1223 454 1305 vertenda
467 1250 596 1318 manu,
612 1241 649 1303 et
665 1241 765 1303 creta
781 1222 968 1304 solidanda
983 1224 1126 1308 tenaci:

210 1368 276 1450 Ne
292 1364 444 1444 subeant
460 1361 609 1459 herbae,
630 1391 704 1444 neu
724 1363 874 1473 pulvere
891 1365 989 1444 vitta
1002 1364 1163 1448 fatiscat:
1191 1367 1275 1452 180

65 1550 68 1557 Δ
210 1508 318 1587 Tum
331 1504 449 1585 variae
466 1502 626 1585 illudunt
642 1505 772 1616 pestes.
804 1508 918 1617 Sa'epe
936 1507 1093 1616 exiguus
1111 1534 1199 1589 mus

213 1645 293 1727 Sub
307 1643 409 1725 terrie
426 1643 619 1753 posuitque
633 1645 781 1744 domos,
796 1664 907 1756 atque
924 1644 1056 1729 horrea
1072 1646 1186 1730 fecit:

216 1788 298 1866 Aut
314 1780 432 1863 oculis
445 1783 543 1892 capti
559 1782 687 1864 fodere
704 1785 841 1879 cubilia
852 1783 984 1894 talpae.

212 1921 459 2033 Inventuffiue'
468 1922 569 2007 cavis
584 1921 691 2021 bufo,
704 1930 742 2004 et
752 1951 849 2032 quae
865 1923 1027 2034 plurima
1043 1941 1158 2005 terrae

212 2058 533 2151 Monstraferuut:
552 2060 777 2172 populatque
786 2062 976 2172 ingentem
985 2063 1090 2144 farris
1100 2091 1276 2150 acervum

213 2202 529 2317 ,Curculiopatque
536 2202 640 2313 inopi
646 2206 826 2311 ‘me'tuefns
834 2202 992 2286 formica
1002 2206 1176 2286 senetlae.
1190 2206 1275 2297 ,186

51 2433 56 2441 ⁴
210 2332 495 2456 Contemplator
512 2342 616 2443 item,
634 2371 726 2425 cum
744 2344 782 2425 fe
798 2372 878 2425 nux
893 2344 1056 2455 plurima
1069 2345 1177 2455 sylvia

197 2454 402 2603 slnduetjin
419 2482 617 2582 florem‚et
630 2488 752 2566 ramos
770 2486 1123 2568 curvabit-olentem
1275 2523 1279 2529 ·

213 2598 436 2738 ἒῖἶιιρεταηῑ
448 2626 581 2726 foetus',
600 2625 732 2737 pariter
745 2626 932 2708 frumenta
945 2626 1157 2736 sequentur,

210 2770 429 2876 Magnaque
449 2795 540 2848 cum
557 2794 695 2875 magno
714 2768 835 2847 veniet
852 2769 979 2850 tritura
995 2769 1127 2852 calore.
1193 2797 1274 2881 190

211 2908 307 2990 Atfi
326 2907 472 2988 luxuria
490 2906 669 2988 soliorum
690 2909 867 2989 exuberat
888 2911 1036 3012 umbra,

210 3051 254 3131 N
255 3051 480 3158 equiequam
496 3049 650 3158 pingues
670 3049 775 3159 palea
790 3066 882 3130 teret
900 3080 982 3131 area
995 3051 1154 3136 culmos.

213 3191 364 3270 Semina
376 3190 452 3270 vidi
466 3192 643 3298 equidem
661 3191 800 3271 multos
819 3193 1003 3275 medicare
1016 3193 1181 3291 serentes,

213 3330 266 3410 Et
281 3332 379 3425 ⁴nitro
393 3332 494 3438 prius
504 3339 545 3409 'et
558 3334 662 3439 nigra
680 3332 902 3439 perfundere
915 3362 1078 3429 amurca,

213 3467 400 3546 Grandior
420 3483 462 3545 ut
476 3465 596 3545 foetus
615 3467 752 3574 filiqui's
773 3469 965 3552 fallacibus
981 3472 1078 3552 effer.
1194 3500 1244 3582 19
1252 3501 1274 3582 5

214 3607 277 3704 Et,
298 3604 465 3716 quamvis
486 3604 563 3712 igni
576 3605 713 3713 exiguo
732 3629 923 3718 properata
936 3604 1145 3708 maderent,

215 3744 305 3824 Vidi
321 3744 415 3825 lesta
433 3743 509 3840 diu,
528 3762 566 3824 et
584 3743 705 3825 multo
724 3747 880 3856 spectata
897 3747 1032 3843 labore,

214 3884 446 3990 Degenerare
464 3902 614 3981 tamen3
641 3886 747 3965 nivis
764 3884 928 3968 humana
950 3890 1148 3998 quotannis

214 4022 390 4103 Maxima
408 4050 576 4132 quaeque
594 4051 711 4102 manu
733 4023 890 4133 legeret:
924 4027 973 4108 stc
986 4030 1114 4111 omnia
1130 4030 1213 4111 fatis

212 4165 257 4245 In
277 4163 380 4276 pejus
397 4189 515 4263 ruere,
528 4190 572 4280 ac
586 4180 682 4247 retro
696 4163 860 4277 sublapsa
878 4166 1024 4251 referri:
1191 4191 1277 4248 200

1186 4304 1279 4383 Non
