2948 5078
349 346 679 442 Gnouorcn.
714 338 825 435 Lrs.
855 338 938 436 111.
1032 384 1036 390 ·
1133 316 1201 466 97*

123 550 492 660 Summaquejejuna
509 544 606 629 sanie
624 541 825 624 infuscatur
844 569 965 625 arena.

124 692 231 772 Hinc
251 689 353 793 laetis
369 684 476 768 vituli
493 683 607 794 uulgo¹
621 681 832 762 moriuntur
848 682 889 764 in
908 679 1047 784 herbis,

124 833 177 914 Et
193 828 318 913 dulces
332 830 473 910 anirrras
490 823 601 937 piena
620 823 668 903 ad
682 819 868 932 praesepia
886 822 1060 907 reddunt.
1105 851 1195 938 495

125 973 230 1052 Hinc
247 968 400 1051 canibus
416 964 562 1046 blandis
578 961 695 1044 rabies
711 960 825 1058 venit,
854 979 891 1041 et
904 964 1023 1073 quatit
1039 990 1167 1074 aegros
1353 980 1356 987 '

123 1112 251 1192 Tuffis
268 1108 402 1190 anhela
419 1108 512 1203 sues,
542 1131 587 1185 ac
600 1099 771 1185 faucibus
789 1103 893 1212 angit
904 1104 1034 1193 obefis.

124 1248 294 1350 Labitur,
326 1243 458 1326 infelix
473 1241 683 1323 studiorum
699 1258 811 1351 atque
822 1241 1028 1326 immemor
1046 1243 1197 1351 herbae,

124 1388 258 1469 Vidior
276 1413 408 1495 equus,
439 1383 633 1492 fontesque
648 1382 833 1481 avertitur,
864 1401 902 1464 et
918 1384 1014 1495 pede
1033 1405 1169 1474 terram

127 1528 270 1611 Crebro
283 1528 395 1609 ferit:
427 1524 737 1608 demiiiaeaures:
769 1524 927 1649 incertus
945 1527 1089 1612 ibidem
1109 1518 1197 1644 50o

128 1668 261 1767 Sudor,
291 1684 330 1748 et
346 1663 409 1748 ilie
426 1664 584 1775 quidem
598 1662 785 1745 morituris
800 1661 981 1772 frigidus:
1012 1687 1090 1751 aret

106 1905 108 1909 .
126 1811 253 1908 Pellis,
281 1826 319 1891 et
333 1807 382 1890 ad
399 1809 542 1888 tastum
558 1802 728 1887 sananti
741 1803 834 1884 dura
851 1806 990 1889 resrstit.
1085 1911 1090 1919 .

127 1951 237 2033 Haec
254 1968 338 2052 ante
351 1947 512 2031 exitium
525 1945 656 2059 primis
668 1943 875 2055 dantfigna
890 1946 1045 2036 diebusr

128 2091 194 2172 Sin
212 2091 252 2170 in
269 2084 436 2200 process‘u
451 2087 576 2198 coepit
595 2083 807 2166 crudescere
825 2086 993 2186 morbus,

128 2227 631 2324 Tumveroardentesoculi,
649 2229 1082 2337 atqueattraetusabalto
1112 2260 1209 2354 ςοςΙ

128 2374 296 2485 Spiritus,
327 2370 515 2453 interdum
535 2370 679 2481 gemitu
698 2373 829 2481 gravis,
860 2374 1012 2484 imaque
1032 2374 1147 2489 longo
1170 2469 1173 2475 ,

128 2516 199 2598 Ilia
215 2513 379 2627 fingultu
394 2512 576 2596 tendunt:
609 2513 639 2593 it
655 2513 805 2593 naribus
823 2530 899 2592 ater

127 2658 295 2765 Sanguis,
325 2672 364 2736 et
377 2653 531 2736 obfeffas
547 2652 672 2733 fauces
684 2650 821 2762 premit
834 2650 958 2758 aspera
971 2652 1109 2762 lingua.
1178 2662 1183 2671 '

126 2795 275 2878 Profuit
291 2794 424 2874 inferto
442 2793 567 2875 latices
586 2792 781 2874 infundere
794 2817 913 2871 cornu

126 2936 319 3014 Lenaeos:
350 2959 395 3012 ea
411 2931 486 3012 visa
498 2928 593 3010 salus
611 2927 854 3010 morientibus
872 2959 958 3017 una.
1112 2964 1201 3050 5¹0

128 3073 231 3154 Mox
248 3086 326 3148 erat
341 3067 417 3147 hoc
435 3067 560 3176 ipsum
577 3068 705 3165 exitio,
734 3068 911 3179 furiisque
928 3070 1057 3152 refecti

129 3209 336 3307 Ardebant,
368 3206 511 3318 ipfique
529 3205 625 3306 suos,
650 3207 733 3315 jam
746 3227 868 3289 morte
879 3209 947 3289 sub
960 3237 1068 3319 aegra

128 3354 183 3435 Di
198 3348 353 3463 meliora
369 3346 454 3460 piis,
485 3374 724 3456 erroremque
738 3345 905 3430 hostibus
919 3349 1056 3439 illum!

128 3489 302 3574 Difciffos
318 3489 428 3572 nudis
444 3487 631 3572 laniabant
646 3487 817 3570 dentibus
833 3508 944 3577 artus.

128 3637 230 3716 Ecce
247 3649 374 3714 autem
392 3633 486 3729 duro
502 3630 737 3761 fumansfub
753 3657 905 3752 vomere
921 3651 1047 3717 taurus
1111 3661 1160 3747 51
1172 3663 1197 3752 ς

128 3775 316 3873 Concidit,
346 3793 384 3856 et
401 3774 568 3855 mixtum
585 3772 725 3882 spumis
737 3773 858 3853 vomit
873 3802 938 3857 ore
950 3805 1137 3880 cruorem,
1208 3882 1212 3887 ,

127 3915 402 4025 Extremofque
418 3915 491 3996 ciet
506 3915 679 4025 gemitus.
708 3913 740 3996 it
755 3914 866 3997 tristis
882 3938 1014 4025 arator,

126 4040 369 4140 Moerentem
386 4055 589 4166 abiungens
601 4054 760 4138 fraterna
772 4075 894 4140 morte
907 4060 1108 4152 iuvencum
1123 4104 1142 4173 ².
1151 4149 1156 4156 ,

121 4199 254 4311 Atque
266 4195 570 4319 opereinmedio
584 4193 708 4291 defixa
719 4195 1035 4309 relinquita'rarra,
1104 4166 1214 4320 ,51'9'

575 4347 580 4354 ’
633 4328 677 4413 Η
847 4326 852 4332 ’
1114 4343 1210 4426 Non
