2948 5078
274 425 336 497 η
461 386 511 488 Ρ.
546 395 813 489 Vrnernrr
848 393 1123 490 Manorrrs

271 592 472 681 Dulichias
490 596 632 680 vexasse
649 616 755 697 rates,
786 614 826 678 et
842 595 986 707 gurgite
1003 596 1045 678 in
1061 595 1140 678 alto

271 731 340 818 Ah
357 732 510 815 timidos
527 752 655 818 nautas
683 730 838 817 canibus
854 732 1022 817 laceraffe
1039 731 1218 817 marinis?

272 876 355 959 Aut
366 891 408 955 ut
427 894 591 959 mutatos
610 877 726 958 Terei
743 875 940 959 narraverit
956 893 1079 958 artus:

271 1020 377 1127 Qus
389 1015 445 1095 illi
460 1015 671 1100 Philomela
687 1018 812 1131 dapes,
843 1047 939 1129 quae
956 1019 1054 1099 dona
1065 1014 1223 1129 pararit?

271 1159 365 1256 Quo
379 1156 489 1239 cursu
505 1159 645 1242 deserta
658 1160 839 1268 petiverit,
871 1179 910 1243 et
925 1159 1062 1270 quibus
1077 1170 1193 1241 ante‘
1284 1154 1339 1239 80

271 1297 412 1384 Infelix
424 1298 489 1380 sua
504 1305 602 1383 tecta
614 1302 926 1415 supervolitaverit
943 1302 1009 1382 alis
1023 1307 1038 1384 l

142 1460 148 1469 '
272 1440 538 1555 Omniaquae,
569 1440 727 1523 Phoebo
741 1443 936 1550 quondam
955 1440 1173 1547 meditante,
1183 1436 1313 1520 beatus

274 1580 410 1663 Audiit
426 1580 597 1676 Eurotas,
619 1580 798 1690 juffitque
815 1582 974 1664 ediscere
983 1580 1121 1678 lauros,

158 1752 161 1762 ⁴
275 1717 346 1801 Ille
363 1717 485 1798 canit:
516 1716 642 1826 pulsae
657 1718 825 1801 referunt
840 1722 889 1802 ad
908 1723 1023 1803 fidera
1033 1719 1158 1800 valles.

275 1860 422 1967 Cogere
435 1855 556 1937 donec
567 1884 654 1941 oves
667 1857 832 1959 stabulis,
847 1884 1128 1967 numerumque
1138 1854 1274 1939 referre
1286 1853 1308 1935 8
1317 1875 1341 1963 ς

276 1996 400 2107 Juffit,
429 1994 595 2091 et-invito
613 1998 784 2109 proceffit
802 2001 927 2112 vesper
938 1998 1123 2108 Olympo.
1173 2011 1177 2020 '
1366 2000 1369 2005 ’

501 2260 944 2362 ECLOGA
1013 2264 1148 2358 V11.·

521 2416 1103 2502 MELIBOEUS.'

413 2681 710 2787 Memnonos,
733 2687 962 2781 Commu,
991 2685 1205 2770 annsrs.

279 2816 400 2902 Men.
514 2822 686 2907 Ortesub
697 2823 1048 2934 argutaconsederat
1063 2828 1147 2906 ilice
1160 2821 1347 2936 Daphnis,

394 3069 396 3073 Ι
540 2964 888 3077 Compulerantque
922 2991 1050 3075 greges
1091 2968 1270 3077 Corydon
1311 2979 1349 3043 et

640 3104 798 3217 Thyrlis
817 3107 856 3187 in
870 3131 1011 3186 unum:

130 3239 131 3242 ‘
278 3244 436 3355 Thyrfis
454 3277 553 3345 oves,
580 3249 760 3356 Corydon
780 3248 952 3328 distentas
974 3245 1068 3326 lacte
1088 3246 1257 3356 capellas.

277 3386 412 3464 Ambo
427 3386 599 3468 florentes
615 3384 805 3479 aetatibus,
838 3381 1003 3462 Arcades
1025 3385 1137 3463 ambo
1151 3424 1164 3480 5

278 3500 332 3602 Et
350 3544 495 3604 cantare
512 3551 631 3637 pares,
661 3537 698 3600 et
715 3519 933 3629 respondere
948 3522 1074 3628 parati.
1321 3551 1344 3630 5
1398 3542 1401 3546 ’

279 3660 359 3740 Hic
382 3663 493 3762 mihi,
524 3665 620 3744 dum
633 3677 774 3739 teneras
789 3657 951 3740 defendo
969 3689 991 3739 a
1008 3659 1144 3765 frigore
1159 3675 1316 3765 myrtos,

278 3798 349 3877 Vir
363 3801 482 3906 gregis
495 3798 571 3907 ipse
578 3822 687 3903 caper
694 3795 939 3878 deerraverat:
954 3814 1065 3906 atque
1073 3823 1144 3904 ego
1153 3795 1352 3905 Daphnim

279 3939 454 4049 Aspicio:
487 3934 549 4016 ille
564 3933 628 4014 ubi
643 3960 707 4012 me
725 3952 852 4014 contra
864 3935 963 4016 videt
971 3976 983 4034 3
1018 3935 1146 4035 Ocius,
1183 3937 1319 4048 inquit,

278 4075 371 4164 Huc
389 4073 487 4167 ades,
510 4097 534 4150 o
554 4066 765 4152 Meliboee:
796 4099 906 4181 caper
925 4073 993 4151 tibi
1013 4072 1143 4175 salvus,
1166 4076 1348 4174 ethoedi;

276 4216 342 4314 Et,
372 4208 507 4325 fiquid
524 4207 656 4291 cellere
670 4226 788 4320 potes,
816 4210 1003 4322 requiesce
1018 4212 1086 4296 sub
1101 4215 1247 4301 umbra.
1295 4245 1349 4302 ro

1257 4357 1352 4439 Huc·
