2948 5078
284 320 346 421 52
487 286 537 384 Ρ.
572 256 841 382 Vrn'orarr
876 280 1154 389 Manonrs

280 494 387 573 Tum
397 489 528 580 cornix
543 490 652 600 plena
669 489 836 600 pluviam
848 488 962 570 'vocat
974 493 1145 602 improba
1158 518 1264 594 voce,
1313 548 1317 555 ι
1445 564 1453 572 ,

84 716 88 725 ,
138 664 141 669 ·
277 630 329 713 Et
344 627 418 708 sola
439 629 480 711 in
500 631 594 713 licea
610 629 738 711 secum
754 631 927 739 spatiatur
939 659 1059 713 arena.

275 764 364 852 Nec
380 770 562 851 nodtnrha
579 770 735 880 quidem
746 790 934 882 carpentes
955 766 1064 882 pensa
1080 774 1225 883 puellae
1258 770 1344 889 390'

279 908 478 992 Neseivere
489 908 691 1019 hyemem:
723 910 814 992 testa
834 937 925 990 cum
937 906 1086 994 ardente
1103 914 1270 996 viderent

280 1046 484 1133 'scintillare
499 1039 697 1150 oleum,''et
716 1066 840 1160 putres
851 1049 1081 1133 concrescere
1093 1052 1241 1164 fungos,

280 1190 370 1274 Nec
387 1192 520 1273 minus
531 1218 580 1270 err
589 1191 700 1271 imbri
713 1188 816 1286 soles,
828 1207 866 1272 et
879 1188 1003 1299 aperta
1018 1192 1144 1275 serena

284 1330 508 1440 Pr'ospicere,
519 1346 557 1409 et
574 1329 680 1410 certis
696 1330 831 1439 poteris
844 1329 1064 1438 cognoscere
1081 1333 1204 1444 fignis.

280 1469 391 1550 Nam
403 1474 525 1576 neq'ue
541 1467 754 1550 tum'stellis
765 1468 861 1548 acics
872 1469 1000 1551 obtusa
1016 1470 1175 1573 videtur,
1263 1501 1317 1585 39
1324 1501 1346 1586 5

283 1608 371 1691 Noc
389 1605 508 1688 fratris
526 1607 636 1688 radiis
652 1607 818 1690 'obnoxia
830 1607 974 1717 surgere
989 1608 1103 1694 luna:

55 1843 60 1853 Ι
228 1732 230 1737 ’
283 1748 433 1831 Tenuia
450 1773 519 1827 nec
538 1746 641 1828 lana'e
659 1750 725 1858 p'er
742 1747 893 1828 coelum
915 1748 1050 1832 vellera
1068 1749 1169 1836 ferri.

283 1890 380 1973 Non
394 1889 565 2001 tepidum
581 1889 629 1970 ad
646 1888 762 1971 solem
779 1916 918 1999 pennas
939 1891 978 1969 in
995 1889 1101 1974 litore
1112 1893 1281 2002 pandunt

283 2030 455 2143 Dilediae
469 2027 627 2111 Thetidi
644 2028 882 2139 Hal'cyones:
913 2057 991 2110 non
1009 2027 1073 2113 ore
1091 2031 1227 2113 solutos

213 2286 216 2291 Ι
284 2173 484 2255 Imriruridi
496 2172 702 2253 meminere
714 2170 793 2253 sues
805 2171 943 2279 jadare
959 2172 1157 2285 maniplos.
1262 2204 1350 2280 400

285 2315 342 2395 At
354 2312 637 2424 nebulaemagis
651 2312 1352 2429 imapemnncampoquer'ecumbuht:

256 2434 263 2445 ’
286 2452 382 2571 Solis
394 2472 433 2536 et
449 2453 622 2536 occasum
634 2451 837 2534 servans'de
849 2435 1015 2533 cuhiiine
1034 2454 1184 2536 summo

285 2594 559 2705 Nequicquam
571 2592 667 2674 seros
685 2609 831 2674 exercet
847 2566 1140 2675 noduacantus.

288 2739 456 2847 Apparet
472 2719 616 2845 liquido
634 2732 800 2814 sublimis
818 2711 867 2813 in⁸
877 2740 960 2814 a‘e’re
972 2733 1088 2815 Nisus

288 2877 342 2957 Et
355 2905 423 2987 pro
443 2903 631 2986 purpureo
646 2900 782 2986 poenas
795 2873 858 2953 dat
871 2870 993 2981 Scylla
1013 2872 1161 2984 capillo,
1265 2902 1322 2979 40
1331 2903 1353 2985 5

288 3018 526 3126 Qacunque
543 3014 606 3096 illa
630 3015 752 3098 levem
770 3014 915 3123 fugiens
934 3014 1030 3094 secat
1046 3012 1194 3094 aethera
1211 3017 1354 3122 pennis,

288 3157 390 3239 Ecce
405 3158 579 3241 inimicus
595 3173 700 3237 atrox
710 3129 851 3264 magno
865 3153 1016 3239 stridore
1030 3182 1094 3263 per
1105 3181 1221 3255 auras,

168 3312 171 3317 '
289 3296 496 3405 Insequitur
509 3297 645 3377 Nisus:
674 3294 803 3404 quase
823 3293 895 3373 sert
912 3294 1028 3373 Nisus
1039 3294 1085 3372 ad
1102 3321 1218 3388 auras,

293 3433 364 3512 illa
383 3434 506 3512 levem
524 3432 669 3538 fugiens
686 3433 823 3539 raptim
835 3431 928 3509 secat
943 3428 1089 3510 aethera
1106 3429 1249 3537 pennis.

196 3548 199 3553 ⁴
290 3571 402 3658 Tum
413 3567 570 3678 liquidas
587 3567 688 3646 corvi
702 3565 820 3675 presso
833 3583 887 3647 ter
905 3584 1053 3674 gutture
1067 3592 1174 3646 voces
1269 3593 1355 3671 410

293 3716 373 3791 Aut
390 3728 516 3819 quater
530 3705 779 3816 ingeminant:
812 3721 850 3784 et
867 3705 973 3813 saepe
990 3699 1177 3782 cubilibus
1194 3700 1288 3800 altis,

290 3849 429 3932 Nescio
447 3876 521 3955 qua
541 3864 682 3956 praeter
698 3844 847 3925 solitum
866 3842 1062 3924 dulcedine
1082 3839 1180 3937 laeti,

292 3989 394 4087 inter
415 3986 450 4064 se
464 3984 562 4063 soliis
575 3985 786 4091 strepitant:
810 3983 914 4089 juvat
932 3982 1115 4064 imbribus
1133 3981 1223 4063 adis

292 4122 515 4236 Progeniem
529 4124 692 4231 pastam,
711 4119 907 4232 dulcesque
925 4121 1076 4244 resisete
1089 4119 1210 4245 nidos.

407 4282 410 4287 ·
1244 4256 1361 4337 Haud
