2948 5078
267 373 299 453 2
471 347 1142 448 P.V1norn11Maxon1a

265 553 448 636 Protenus
466 574 574 661 aeger
590 579 681 663 ago:
712 551 811 636 banc
827 552 941 636 etiam
957 550 1035 650 vix,
1053 555 1201 663 Tityre,
1229 557 1342 643 duco.

262 691 345 774 Hic
376 690 612 775 inteidensaa
632 693 778 805 corylos
798 694 916 777 modo
940 719 1107 802 namquo
1131 695 1327 804 gemellos,

266 831 383 941 Spem
400 830 533 941 gregia,
546 829 622 914 abl
655 832 753 915 filice
770 834 810 915 in
829 833 929 915 nuda
937 831 1097 913 connixa
1114 832 1276 944 reliquit.
1287 867 1300 920 r
1313 866 1338 949 5

214 1080 220 1093 ἱ
266 971 388 1083 Saepe
401 968 548 1054 malum
561 969 637 1055 boc
654 973 775 1072 nobis,
795 974 823 1054 fi
841 1000 949 1055 mens
970 999 1048 1053 non
1065 970 1168 1055 laeva
1185 972 1323 1074 firisset,

200 1100 203 1105 ’
266 1108 332 1191 De
349 1108 457 1194 coelo
474 1114 589 1194 tatus
604 1111 764 1195 memini
781 1112 991 1224 praedicere
1005 1138 1192 1221 quercus:

268 1250 385 1361 Saepe
405 1250 545 1334 sinistra
557 1279 648 1334 cava
665 1251 848 1362 praedixit
859 1253 913 1334 'ab
931 1253 1016 1334 ilice
1035 1252 1179 1337 cornix.

269 1389 344 1469 Sed
361 1406 501 1489 tamen,
521 1390 587 1473 iste
605 1392 712 1474 Deus
724 1393 790 1502 qui
803 1394 859 1490 fit,
876 1393 938 1489 da,
959 1395 1106 1500 Tityre,
1121 1393 1240 1473 nobis.

264 1530 384 1638 ιΤιΤ.
415 1528 578 1632 Urbem,
602 1560 722 1643 quam
738 1533 869 1615 dicunt
903 1536 1087 1630 Romam,
1112 1526 1344 1632 Moeliboee,

389 1768 394 1777 Ι
454 1671 581 1781 putavi
762 1738 772 1748 ,
1285 1701 1343 1755 ao

270 1809 411 1893 Stultus
421 1838 506 1921 ego,
516 1809 607 1892 huic
622 1811 766 1893 nostrae
777 1808 952 1908 similem,
970 1839 1048 1921 quo
1066 1813 1170 1922 saepe
1181 1813 1345 1895 solemus

271 1950 440 2055 Pastores
454 1950 586 2032 ovium
601 1969 746 2032 teneros
763 1948 947 2060 depellere
961 1949 1095 2031 foetus.

271 2090 334 2190 Sic
353 2090 507 2192 canibus¹
523 2089 665 2203 catuloa
677 2089 826 2189 slmiles,
839 2089 891 2171 fic
907 2089 1088 2171 matribus
1103 2085 1247 2171 hoedos
1365 2078 1368 2083 ’

271 2233 449 2318 Noram:
474 2230 525 2313 fic
538 2230 657 2343 parvis
671 2248 900 2342 componere
918 2257 1058 2340 magna
1067 2214 1247 2313 solebam.

270 2366 420 2451 Verum
431 2365 525 2455 haec
542 2387 690 2453 tantum
715 2369 803 2451 alias
820 2369 914 2451 inter
931 2387 1044 2481 caput
1064 2366 1198 2451 extulit
1208 2369 1331 2465 urbes,

270 2511 476 2617 Qantum
492 2511 591 2596 lenta
606 2512 723 2596 solent
734 2511 830 2595 irater
842 2510 999 2593 viburna
1016 2507 1185 2622 cupreffi.
1289 2514 1344 2594 26

113 2704 116 2711 ·
272 2652 398 2733 Mer..
409 2655 462 2736 Et
472 2682 569 2764 quae
586 2672 686 2738 tanta
698 2652 773 2736 fuit
787 2655 957 2735 Romam
974 2651 1041 2732 tibi
1059 2648 1346 2734 causavidendii

274 2792 390 2874 Trx.
417 2794 613 2877 Libertas:
644 2821 741 2904 quae
756 2793 833 2874 sera
849 2811 975 2872 tamen
994 2790 1150 2900 respexit
1167 2789 1350 2889 inertem3

275 2928 480 3012 Candidior
499 2932 701 3044 postquam
714 2933 882 3013 tondenti
900 2931 1014 3013 barba
1031 2930 1210 3013 cadebat:
1291 2914 1297 2935 ,

274 3070 455 3184 Respexit
470 3090 611 3176 tamen,
630 3094 668 3159 et
682 3074 796 3184 longo
816 3075 899 3186 post
915 3092 1083 3185 ternpore
1100 3072 1214 3168 venit,
1295 3099 1352 3183 30

275 3215 481 3328 Postquam
498 3243 567 3300 nos
584 3217 789 3327 Amaryllis
805 3214 930 3316 habet,
949 3216 1105 3298 Galatea
1121 3213 1282 3322 reliquit.

276 3360 458 3468 Namque
479 3358 641 3467 (fatebor
661 3358 782 3463 enim)
799 3359 895 3439 dum
922 3387 985 3438 me
1002 3357 1158 3439 Galatea
1175 3354 1337 3453 tenebat,

277 3500 365 3580 Nec
379 3497 459 3608 spes
472 3497 648 3577 libertatis
665 3482 755 3591 erat,
773 3523 843 3574 nec
860 3523 949 3575 cura-
968 3492 1106 3604 peculi.

277 3635 462 3743 Qamvis
480 3633 599 3716 multa
617 3637 714 3717 meis
729 3633 846 3716 exiret
859 3629 1009 3716 victima
1029 3632 1148 3743 septis,

276 3777 429 3885 Pinguis
450 3794 488 3857 et
504 3776 667 3887 ingratae
686 3792 914 3888 premeretur
931 3774 1054 3858 caseus
1074 3774 1170 3870 urbi,
1294 3803 1316 3885 3
1325 3800 1352 3884 ς

276 3917 371 4000 Non
390 3943 575 4027 umquam
595 3920 714 4030 gravis
739 3944 820 4005 aere
841 3917 1004 4000 domum
1017 3914 1116 4000 mibi
1135 3914 1265 3996 dextra
1292 3941 1353 3997 re·

266 4077 268 4080 ’
461 4058 575 4140 dibat.

276 4198 583 4308 Manilianas,
592 4200 684 4314 quid
693 4200 835 4289 moesta
843 4200 961 4303 Deos,
970 4196 1172 4313 Aniarylli,
1181 4222 1350 4283 vocares:

1274 4333 1351 4416 Cui
