2948 5078
383 364 495 466 '188
580 344 1243 449 P.Vraorn11Mraori.1s

383 566 510 657 Prima
527 556 614 638 tulit
629 554 751 651 tellus,
770 553 904 634 eadem
915 580 980 634 vos
997 554 1110 635 ubere
1131 554 1229 637 laeto
1280 612 1287 621 -
1391 544 1473 680 '9'3

378 672 559 811 Accipiet'
573 696 742 779 reduces.
774 693 968 802 antiquam
981 694 1165 803 exquirite
1183 714 1359 788 matrem.

380 843 462 926 Hic
480 842 617 923 domus
632 839 782 918 Aeneae
799 832 943 915 cunetis
965 833 1221 918 dominabitur
1237 840 1324 941 oris,
1452 896 1457 905 ·

379 981 528 1068 Etuati
542 998 729 1074 natorum,
751 992 790 1057 et
809 975 876 1085 qui
894 975 1088 1057 nascentur
1100 977 1149 1056 ab
1166 978 1251 1066 illis.

380 1125 492 1209 Haec
506 1121 678 1205 Poebus:
710 1118 908 1225 mixtoque
925 1115 1054 1226 ingens
1065 1138 1195 1200 exorta
1209 1122 1378 1206 tumultu

380 1264 560 1360 Laetitia,
591 1280 627 1341 et
645 1259 783 1356 cunm,
799 1257 990 1366 quaesunt
1004 1287 1048 1338 ea
1065 1248 1228 1364 moenia,
1248 1253 1462 1372 qnaemnte'

380 1409 473 1507 Quo
489 1400 665 1486 Phoebus
680 1415 789 1480 vocet
798 1415 969 1495 errantes,
985 1399 1188 1510 jubeatque
1203 1404 1346 1491 reverti.
1379 1433 1459 1492 ποι

379 1545 492 1628 Tum
504 1542 660 1653 genitor,
673 1537 1005 1622 vetemmvolvenr
1018 1540 1461 1651 monumenuvlmum,

377 1680 535 1783 ¹Audite,
555 1710 580 1762 o
607 1706 789 1791 proceres,
803 1678 868 1779 ait,
883 1695 921 1758 et
937 1679 1017 1788 spes
1035 1680 1163 1763 discite
1173 1683 1319 1772 vestras.
1448 1724 1452 1733 ·

381 1828 496 1908 Creta
511 1826 615 1932 Jovis
640 1822 768 1932 magni
787 1820 916 1901 medio
928 1821 1028 1928 jacet
1042 1821 1158 1904 insula
1170 1842 1298 1934 ponto,
1411 1812 1416 1821 ¹

378 1967 499 2051 Mons
511 1965 643 2046 Idaeus
654 1962 732 2057 uhi,
747 1981 784 2042 et
801 1962 919 2073 gentis
936 1962 1122 2043 cunabula
1141 1965 1295 2047 nostrae.
1364 1992 1418 2049 ro
1427 1996 1456 2079 5

378 2108 548 2191 centum
566 2105 676 2185 urbes
692 2101 860 2182 habitant
876 2128 1042 2211 magnas,
1057 2102 1244 2186 uberrima
1261 2130 1375 2214 regna
1394 2135 1407 2189 a

379 2244 583 2329 Maximus
601 2244 701 2323 unde
718 2242 875 2350 patenti
893 2241 962 2322 rite
973 2241 1098 2322 audita
1114 2245 1298 2342 recordor,
1404 2234 1409 2243 ’

378 2384 552 2467 Teucrus
569 2380 757 2465 Rhoeteas
774 2381 943 2492 primum
959 2381 1015 2462 est
1025 2382 1199 2465 advectus
1215 2388 1255 2465 in
1274 2414 1368 2482 oras,

379 2529 608 2639 Optavitque
624 2525 752 2606 locum
774 2552 901 2633 regno.
932 2524 1101 2604 nondum
1122 2523 1236 2604 Ilium
1255 2543 1292 2605 et
1309 2554 1412 2606 arces

379 2670 605 2780 Pergameae
619 2668 811 2747 steterant:
844 2664 1059 2745 habitabant
1076 2665 1232 2746 vallibus
1251 2668 1346 2750 imis.
1372 2695 1452 2751 110

378 2811 485 2890 Hinc
503 2829 620 2889 mater
638 2808 774 2887 cultrix
795 2805 948 2912 Cybele,
969 2807 1269 2916 Corybantiaque
1291 2837 1385 2906 aera,
1446 2800 1450 2806 ¹

377 2951 610 3059 Idaeumque
629 2976 779 3028 nemus:
802 2945 891 3026 hinc
906 2946 979 3026 fida
992 2948 1129 3027 silentia
1144 2948 1262 3047 sacris,

378 3091 431 3170 Et
445 3093 568 3200 juniii
590 3118 745 3171 currum
764 3088 938 3167 dominae
952 3087 1092 3166 subiere
1111 3088 1246 3170 leones.

379 3234 483 3342 Ergo
501 3237 608 3343 agite,
632 3252 680 3329 et,
701 3233 834 3310 divum
853 3230 996 3308 ducunt
1020 3259 1094 3337 qua
1106 3231 1211 3336 julla,
1227 3231 1452 3338 sequamur:

376 3373 575 3454 Placemus
588 3392 729 3468 ventos,
745 3389 781 3449 et
796 3370 950 3448 Gnoslra
972 3398 1082 3476 regna
1103 3387 1285 3476 petamun
1369 3397 1412 3453 11
1421 3401 1446 3480 5

376 3512 463 3591 Nec
483 3511 595 3619 longo
613 3510 747 3588 distant
768 3508 874 3586 cursu
895 3537 905 3588 t
940 3506 1056 3584 modo
1073 3509 1219 3615 Jupiter
1237 3507 1340 3609 adsit,

376 3651 506 3732 Tertia
520 3653 587 3732 lux
608 3649 757 3731 classem
772 3647 934 3728 Cretaeis
948 3646 1035 3726 srstit
1054 3647 1092 3724 in
1111 3647 1195 3727 oris.

375 3791 436 3868 sic
454 3789 563 3891 fatus,
581 3793 731 3873 meritos
748 3791 818 3871 aris
837 3790 1011 3869 masiavit
1030 3787 1213 3883 honores,

375 3927 549 4007 Taurum
567 3932 763 4035 Neptuno,
780 3948 930 4007 taurum
945 3926 1025 4020 tibi,
1048 3924 1205 4033 pulcher
1221 3924 1376 4033 Apollo,

372 4066 536 4174 Nigram
553 4063 683 4170 hyemi
699 4065 896 4173 pecudem,
916 4061 1091 4172 zephyris
1104 4064 1278 4144 felicibus
1289 4057 1452 4150 albam*

370 4208 489 4295 Fama
503 4206 614 4331 volat,
632 4205 783 4331 pulsum
801 4206 922 4317 regnis
941 4205 1077 4317 ceffisse
1095 4208 1256 4319 paternis
1365 4234 1455 4300 121.

1240 4346 1449 4435 Idomenea
