2948 5078
313 320 382 451 '3’8
448 441 452 444 ²
491 318 1148 420 P.V1neru11Mnnou1s

312 525 518 635 Neptune:
547 537 584 601 et
604 521 724 601 cultor
744 549 956 620 nemorum,
984 525 1046 605 cui
1063 527 1214 638 pinguia
1231 529 1351 612 Caeae

312 663 568 745 Tercentum
579 661 678 743 nivei
689 661 844 743 tondent
855 662 1008 769 dumeta
1019 665 1172 773 juvenci
1190 698 1200 749 :
1325 698 1378 781 ¹5

265 856 268 863 ,
311 799 409 908 Ipse,
427 798 745 909 nemus'linquens
760 799 934 909 patrium,
948 800 1128 914 saltusque
1143 806 1296 915 Lycaei,

311 941 533 1027 Panuvium
550 941 682 1039 custos,
697 957 761 1023 tua
778 940 886 1023 stibi
900 942 1074 1024 Maenala
1085 972 1211 1057 outae,

311 1079 458 1164 adeso
471 1083 643 1189 Tegeaee
655 1079 803 1160 favens:
835 1078 1011 1190 oleaeque
1024 1083 1199 1166 Minerva

312 1222 516 1319 Inventrix,
544 1218 706 1328 uncique
725 1246 818 1328 puer
837 1219 1058 1333 monstrator
1077 1224 1197 1321 aratri,

311 1362 366 1444 Et
376 1380 540 1441 teneram
553 1360 600 1440 ab
610 1352 734 1438 'radice
742 1357 873 1477 fereris,
883 1354 1051 1466 Sylvane,
1060 1362 1282 1471 cupressum.
1321 1389 1378 1445 20
1460 1457 1462 1461 ,

310 1499 442 1615 Dique
457 1500 622 1613 deaeque
638 1525 783 1597 omnes,
799 1495 966 1593 shuiium
983 1500 1120 1609 quibus
1133 1502 1346 1600 atvatueri3

164 1728 168 1733 ,
312 1641 469 1749 Qique
482 1640 593 1719 novas
604 1638 697 1717 alitis
707 1665 783 1717 non
794 1634 899 1715 nullo
910 1637 1047 1718 semine
1060 1638 1197 1750 frugeS,

115 1798 119 1803 ·
244 1842 249 1847 .
312 1776 466 1885 Quique
478 1775 559 1857 satis
577 1774 723 1882 largum
740 1774 846 1854 coelo
862 1775 1054 1856 demittitis
1075 1779 1250 1861 imbrem.

313 1919 456 2026 Tuque
470 1917 575 2016 adeo,
594 1945 709 2025 quem
720 1945 812 1998 mox
823 1946 918 2027 quae
932 1918 1001 1998 fint
1020 1917 1189 2037 habitura
1203 1919 1361 2001 deorum

313 2055 495 2157 concilia,
515 2058 699 2140 incertum
718 2055 793 2154 est;
813 2056 957 2139 urbisne
967 2057 1129 2158 invisere,
1143 2059 1286 2157 Caesar,
1320 2085 1342 2141 2
1350 2086 1376 2168 5

309 2196 594 2308 ¹'I-'eurarumque
610 2196 703 2277 velis
714 2222 869 2301 curam:
898 2212 938 2275 et
948 2211 984 2301 te
1002 2198 1189 2280 maxinme
1199 2197 1299 2278 orbis

309 2328 524 2420 'Austorem
535 2335 704 2445 frugum,
718 2334 1055 2446 tempestatumque
1067 2355 1261 2448 potentem

312 2480 498 2591 Accipiat,
515 2479 669 2589 cingent
684 2496 852 2574 materna
869 2495 1036 2588 tempora
1047 2499 1192 2587 myrto:
1365 2458 1368 2463 ¹

313 2625 380 2705 An
399 2623 489 2704 deus
506 2617 678 2705 immensi
700 2623 822 2703 venias
839 2620 961 2716 maria
976 2648 1019 2701 ae
1035 2638 1097 2700 tua
1113 2637 1244 2700 nautae

144 2826 145 2831 ,
313 2763 742 2851 Nmiina'solaeolant:
775 2759 846 2842 tibi
860 2759 987 2838 serviat
1007 2759 1139 2840 ultima
1156 2755 1296 2853 Thule,
1320 2785 1379 2864 30

314 2900 451 3010 Teque
467 2900 534 2984 sbi
551 2929 730 3010 generum
748 2896 894 3006 Tethys
915 2917 1015 2978 enrat
1032 2899 1207 2979 omnibus
1217 2896 1341 2978 undis.

309 3034 427 3145 ¹,dume
445 3071 587 3125 novum
604 3042 715 3123 tardis
733 3040 830 3120 fidus
860 3057 896 3120 te
914 3041 1101 3121 mensibus
1118 3040 1241 3136 addas,
1397 3025 1400 3031 ⁵

312 3185 401 3291 Qa
419 3185 525 3269 locus
542 3185 729 3293 Erigonen
744 3182 851 3283 inter,
874 3178 1080 3290 Chelasque
1100 3160 1289 3289 sequentes

313 3325 510 3417 Panditur:
539 3322 693 3433 ipsetibi
707 3326 788 3432 jam
802 3321 952 3404 brachia
965 3321 1149 3403 contrahit
1168 3323 1297 3410 ardens

215 3518 220 3527 .
315 3461 498 3569 Scorpius,
512 3477 548 3539 et
561 3459 655 3539 coeli
669 3458 766 3567 justa
782 3457 866 3566 plus
883 3477 984 3566 parte
1006 3461 1166 3568 reliquit.
1318 3484 1373 3564 35

197 3656 200 3662 ,
314 3599 509 3709 Quicquid
527 3598 623 3696 eris-3
653 3602 761 3707 (nam
774 3613 810 3675 te
827 3617 896 3679 nee
914 3598 1059 3709 sperent
1074 3600 1229 3679 Tartara
1248 3620 1376 3702 regem

312 3741 401 3829 Nec
414 3742 482 3821 tibi
501 3739 678 3849 regnandi
694 3736 814 3820 veniat
827 3755 905 3821 tam
921 3740 1000 3822 dira
1009 3737 1172 3848 cupido:

312 3881 496 3987 Qumis
512 3879 657 3988 Elysios
667 3878 821 3967 miretur
839 3880 994 3961 Graecia
1012 3904 1178 3987 campos,

312 4023 400 4111 Nec
417 4020 569 4131 repetita
585 4019 689 4129 sequi
700 4037 803 4101 curet
815 4018 1028 4129 Proserpina
1046 4014 1226 4124 matrem)

312 4163 375 4247 Da
394 4159 544 4244 facilem
564 4158 728 4258 cursim,
739 4176 852 4273 atque
865 4160 1068 4247 audaeibua
1078 4189 1201 4246 annue
1212 4154 1374 4267 coeptis,

1148 4297 1374 4411 Ignarosque
