2948 5078
398 344 794 450 araneos.
846 345 973 442 nn.
1008 315 1093 442 1n.
1144 319 1259 480 ²203

195 560 302 645 Bello
328 538 518 667 armam
545 553 661 667 equi,
696 549 843 633 serrum
870 546 967 633 mc
991 567 1159 634 armena
1186 519 1263 634 m'.

308 724 310 729 ’
382 716 530 804 nantur.
668 792 677 805 st
945 728 948 735 ,
1178 722 1264 807 340

198 842 269 925 Sed
285 860 412 922 tamen
424 840 528 921 idem
543 835 639 918 olim
653 861 765 916 curru
783 831 977 916 succedere
993 831 1122 917 sueti-0
1250 864 1257 877 ·

199 978 481 1091 Qadrupedes,
503 994 542 1058 et
562 975 687 1057 fraena
705 976 801 1083 jugo
812 971 1012 1076 concordia
1027 973 1147 1060 ferre:
1251 984 1294 1078 ·.[
1455 1098 1459 1109 Ι

192 1120 288 1229 'Spes
305 1118 359 1201 est
377 1116 491 1228 pacis,
512 1114 574 1201 aits
603 1132 690 1197 tum
705 1111 863 1194 numina
878 1110 1001 1193 sanda
1016 1102 1213 1224 precamur
1253 1146 1258 1228 ζ

198 1255 359 1339 Palladis
371 1253 587 1350 armisonae,
600 1278 695 1360 quae
707 1249 829 1362 prima
843 1251 985 1361 accepit
998 1269 1161 1356 ovantes,
1184 1294 1187 1298 »

199 1397 259 1476 Er·
267 1396 388 1505 capita
404 1411 489 1475 ante
505 1419 584 1475 aras
596 1390 767 1500 Phrygio
774 1388 942 1473 velamur
958 1391 1113 1492 amidio,
1178 1421 1233 1506 54
1239 1419 1265 1517 5

108 1540 116 1551 ’
199 1533 480 1644 Praeceptisque
497 1530 652 1629 Heleni,
673 1529 822 1610 dederat
834 1556 929 1639 quae
946 1532 1125 1635 maxima,
1144 1534 1212 1617 rite

199 1672 343 1778 Junoni
359 1673 522 1782 Argivae
534 1670 649 1780 jussos
666 1666 859 1751 adolemus
871 1667 1042 1753 honoros

199 1811 318 1897 Haud
334 1839 462 1909 mora,
495 1810 674 1892 continuo
687 1809 858 1920 perfodis
871 1809 1000 1894 ordine
1021 1809 1129 1911 votis,
1251 1818 1266 1855 ·’

200 1949 352 2032 Cornua
369 1950 573 2032 velatarum
594 1948 823 2030 obvertimus
843 1965 1100 2051 antennarum,

200 2072 535 2197 Grajugenumque
542 2088 689 2186 domos,
708 2086 946 2196 suspectaque
959 2085 1267 2204 linquimusarva',

200 2227 308 2308 Hinc
325 2227 422 2309 finus
432 2227 623 2326 Herculei,
642 2228 670 2308 ti
684 2254 770 2308 vera
785 2222 837 2310 est
847 2227 962 2326 fama,
969 2229 1125 2314 Tarenti
1187 2261 1212 2346 5
1218 2258 1266 2348 51
1374 2214 1377 2221 ¹

201 2371 391 2485 Cernitur,
412 2369 548 2452 attollit
566 2368 602 2452 se
616 2371 701 2453 diva
714 2371 866 2454 Lacinia
886 2389 1027 2470 contra,
1247 2456 1251 2472 ,

197 2512 450 2622 Caulonisque
467 2542 581 2614 arces,
599 2533 638 2594 et
649 2513 883 2618 navifiagum
895 2511 1149 2615 Scylacaeom.

201 2653 312 2733 Tum
330 2651 461 2757 procul
479 2676 502 2727 e
520 2650 639 2728 fluctu
652 2648 848 2728 Trinacria
865 2647 1025 2758 cernitur
1042 2654 1178 2752 Aetna,
1264 2696 1270 2715 ·

201 2790 255 2871 Et
271 2786 457 2897 gemitum
477 2789 668 2896 ingentem
684 2785 819 2898 pelagi,
837 2783 1049 2897 pulsataque
1066 2789 1150 2875 saxa
1180 2821 1234 2909 55
1241 2816 1264 2911 5

201 2929 395 3011 Audimus
412 2928 536 3042 longe,
554 2928 757 3038 fractasque
772 2928 819 3008 ad
838 2928 944 3008 litora
956 2957 1088 3016 voces:

203 3066 457 3176 Exultantque
472 3068 578 3167 vada,
595 3085 707 3176 atque
724 3064 826 3147 aestu
843 3066 1200 3159 miscenturareuae.

203 3211 256 3293 Et
272 3228 373 3321 pater
389 3209 592 3293 Anchises:
624 3210 807 3291 nimirum
818 3208 911 3291 hacc
928 3208 992 3291 illa
1007 3209 1216 3325 Charybdis
1226 3244 1261 3302 r·

204 3353 289 3434 Hos
304 3352 473 3433 Helenus
494 3350 676 3464 scopulos,
697 3350 791 3434 baec
809 3351 893 3432 saxa
909 3347 1093 3438 horrenda
1104 3358 1272 3442 meeber·
1396 3384 1399 3389 ’

204 3495 360 3606 Eripite,
375 3525 401 3577 o
417 3494 518 3594 socii,
537 3496 745 3606 pariterque
758 3492 935 3604 insurgite
948 3496 1073 3589 remis.
1181 3493 1271 3613 56ο’

205 3635 325 3716 Haud
346 3638 472 3719 minus
493 3663 537 3717 ac
548 3636 634 3744 jussr
652 3634 819 3717 faciunt:
847 3634 1062 3747 primusque
1073 3639 1270 3725 rudentem

205 3775 392 3858 Contorfit
408 3777 527 3857 laevas
547 3803 698 3887 proram
711 3775 907 3857 Palinurus
919 3775 967 3859 ad
983 3777 1113 3863 undas.

204 3913 369 3995 Laevam
389 3918 523 3995 cundia
542 3914 675 3998 cohors
691 3913 803 3996 remis
815 3913 1003 4025 ventisque
1021 3918 1163 4028 petivit.

206 4054 398 4135 Tollimur
415 4056 454 4135 in
474 4052 624 4136 coelum
647 4071 799 4137 curvato
814 4052 975 4164 gurgite,
993 4070 1031 4137 et
1049 4056 1154 4143 idern
1263 4044 1272 4065 ’

208 4185 396 4280 Subdus'ta
414 4192 460 4275 ad
479 4217 608 4278 manes
625 4194 722 4278 imos
739 4191 997 4279 descendimus
1016 4193 1130 4286 unda.
1184 4197 1269 4320 565

213 4329 221 4377 ·’
410 4365 414 4378 ²
1195 4334 1275 4416 Ter
