2948 5078
324 393 419 463 100
521 359 573 459 Ρ.
605 362 876 459 Vrnernrr
909 359 1193 462 Maturus

454 798 883 941 uumeuu
917 774 1269 895 lannoius

320 1117 1398 1319 GuouelconuM

629 1551 1172 1671 missurn·
1290 1588 1294 1597 ⁸

480 1848 773 1929 R'OTINUS
802 1849 890 1929 aiirii
903 1849 1025 1929 mellis
1035 1846 1206 1929 coelestia
1220 1846 1320 1926 dona

222 1962 226 1974 ¹
321 1855 706 2227 PExsequar.
749 1989 847 2072 hanc
877 1991 1004 2089 ctiam,
1033 1990 1246 2085 Maecenas,
1278 1987 1397 2097 aspice

591 2146 749 2240 partem.
1122 2130 1125 2134 ’

322 2266 560 2352 Admiranda
576 2267 644 2349 tibi
662 2266 804 2350 levium
822 2268 1029 2380 spesiacula
1050 2296 1191 2366 rerum,

164 2454 169 2466 ·
321 2388 664 2520 Magnanimusque
682 2407 809 2510 duces,
842 2408 1027 2519 totiusque
1044 2409 1175 2488 ordine
1192 2405 1311 2514 gentis

322 2549 470 2645 Mores,
501 2564 539 2628 et
557 2526 690 2645 studia,
718 2563 756 2627 et
769 2545 941 2657 populos,
973 2567 1011 2629 et
1028 2546 1165 2660 praelia
1180 2547 1318 2627 dicam.
1370 2571 1394 2653 5

322 2687 371 2770 In
388 2686 491 2768 tenui
504 2684 631 2768 labor:
663 2703 701 2769 at
717 2687 838 2768 tenuis
856 2697 933 2768 nnn
951 2687 1079 2796 gloria,
1112 2688 1270 2795 siquem

321 2826 499 2910 Numina
516 2825 619 2906 laeva
636 2828 769 2925 finunt,
800 2827 977 2936 auditque
996 2846 1146 2907 vocatus
1160 2822 1312 2931 Apollo.

205 3067 207 3071 ,
320 3070 322 3074 Ι
387 2965 576 3077 Principio
592 2967 694 3048 sedes
708 2968 837 3077 apibus
855 2967 1033 3076 statioque
1048 2966 1240 3076 petendae,

323 3112 416 3218 Qo
430 3138 553 3220 neque
570 3110 615 3191 s1t
631 3111 749 3192 ventis
765 3111 886 3192 aditus
905 3112 1013 3219 (nam
1031 3110 1166 3219 pabula
1182 3107 1283 3187 venti

322 3252 436 3332 Ferre
471 3252 635 3333 domum
667 3250 884 3362 prohibent)
921 3279 1046 3360 neque
1085 3277 1171 3330 oves
1210 3244 1399 3352 haedique

385 3385 560 3497 petulci'
974 3492 977 3498 Ι
1345 3414 1397 3466 ιο

322 3527 498 3611 Floribus
515 3523 703 3626 insultent,
734 3545 799 3609 aut
814 3556 937 3611 errans
957 3528 1095 3610 bucula
1114 3555 1251 3635 campo

324 3669 502 3751 Decutiat
518 3695 656 3765 rorem,
686 3686 724 3750 et
744 3668 930 3780 surgentes
949 3688 1075 3751 atterat
1093 3666 1236 3747 herbas.

322 3808 458 3888 Abfint
475 3826 512 3889 et
529 3808 621 3919 picti
639 3807 841 3917 squalentia
860 3828 963 3919 terga
981 3809 1108 3892 lacerti

319 3946 561 4054 Pinguibusa
575 3947 738 4045 stabulis,
757 3950 1014 4060 meropesque,
1036 3948 1205 4057 aliaeque
1219 3944 1402 4037 volucres,

252 4172 256 4179 ,
318 4086 370 4168 Et
386 4085 558 4167 manibus
572 4087 714 4167 Procne
737 4091 864 4199 pestus
879 4090 1016 4200 signata
1032 4089 1204 4172 cruentis.
1344 4111 1359 4163 1
1372 4109 1395 4188 5

319 4225 462 4307 Omnia
480 4250 571 4306 nam
586 4222 657 4308 late
676 4225 828 4331 vastant,
860 4229 1026 4344 ipsasque
1051 4231 1215 4312 volantes

1325 4360 1404 4441 Ore
