2948 5078
275 382 351 479 -80
461 359 512 470 P.
548 370 817 467 thottrr
851 358 1134 472 Mauortis

275 589 433 693 Rumpe
446 605 594 666 moraes
622 593 730 660 vocat
743 575 886 686 ingenti
896 574 1062 659 clamore
1074 576 1294 684 Cithaeron,

273 722 511 835 Taygetique
520 737 643 818 canes,
657 715 914 825 domitrixque
925 714 1135 826 Epidaurus
1150 747 1351 830 equorum.

271 863 326 946 Et
341 892 418 947 vox
431 862 570 945 assensu
587 886 790 949 nemorum
808 856 1035 965 ingenunata
1053 863 1232 972 remugit.
1289 892 1318 973 4
1323 891 1350 977 5

271 1004 376 1090 Mox
393 1025 521 1089 tamen
538 1003 705 1086 ardentes
715 999 886 1108 accingar
904 998 1027 1082 dicere
1043 1027 1188 1113 pugnas

143 1147 147 1161 ’
269 1145 448 1247 Caesaris,
464 1164 514 1228 et·
524 1170 666 1229 nomen
683 1142 785 1225 sarna
802 1157 860 1221 tot
875 1138 970 1222 serre
985 1169 1052 1251 per
1071 1170 1200 1242 mnus,

224 1287 227 1295 ’
271 1270 435 1367 Tithoni
452 1287 576 1394 prima
592 1300 687 1391 quot
699 1280 801 1362 abest
819 1280 867 1360 ab
887 1280 1030 1389 origine
1047 1281 1191 1365 caesar„

333 1427 409 1509 Seu
426 1425 524 1534 quis,
542 1424 779 1534 Olimpiacae
794 1422 950 1504 miratus
967 1423 1133 1534 praemia
1143 1424 1304 1537 palmae,

25 1656 30 1669 ,
128 1598 130 1602 “
271 1563 393 1649 Pascit
400 1578 525 1678 -equos
540 1605 553 1664 3
570 1565 635 1650 seu
651 1566 736 1677 quis
753 1563 868 1648 fortes
883 1563 932 1646 ad
949 1581 1066 1647 aratra
1077 1567 1278 1676 juvencos3
1291 1594 1349 1680 ςο

272 1705 445 1818 Corpora
461 1703 658 1816 praecipue
672 1721 838 1786 matrum
851 1704 960 1814 legat.
992 1707 1139 1815 optima
1155 1724 1280 1789 torvae

270 1843 413 1928 Forma
425 1844 545 1946 bovis,-
558 1842 621 1925 cui
638 1860 746 1954 turpe
761 1858 888 1952 caput,
903 1841 966 1922 cui
980 1841 1144 1953 plurima
1158 1845 1298 1942 cervix,

271 1982 325 2064 Et
337 2010 492 2066 crurum
509 2001 616 2065 tenus
633 1998 798 2064 amento
816 1980 975 2092 palearia
991 1982 1169 2093 pendent.
1300 1989 1304 1997 '

173 2166 190 2203 .·
272 2124 384 2207 Turn
401 2112 517 2236 longo
533 2123 658 2209 nullus
678 2123 783 2207 lateri
800 2122 960 2207 modus:
990 2126 1121 2206 omnia
1136 2152 1297 2234 magna:
1351 2143 1356 2151 '

271 2265 343 2347 Pes
356 2266 485 2369 etiam,
508 2283 546 2346 et
563 2264 725 2347 camuris
742 2263 862 2345 hirtae
879 2263 948 2345 sub
966 2266 1141 2348 cornibus
1154 2292 1271 2352 aures.
1291 2292 1313 2378 5
1321 2290 1345 2380 ς

271 2403 359 2487 Nec
377 2405 476 2488 mihi
486 2405 675 2517 displiceat
687 2403 845 2487 maculis
860 2403 1011 2513 insignis
1028 2423 1067 2487 et
1084 2405 1172 2488 albo
1184 2446 1220 2504 ς.
1305 2514 1306 2518 Ν
1384 2422 1394 2441 ·

266 2544 354 2624 Aut
367 2547 461 2656 juga
477 2546 695 2649 detrectans,
709 2543 975 2654 interdumque
987 2542 1111 2658 aspera
1122 2572 1254 2647 cornu,

271 2686 325 2766 Et
341 2685 480 2769 faciem
496 2693 602 2768 t'auro
620 2687 785 2799 propior,
800 2712 971 2795 quaeque
984 2678 1098 2769 ardua
1116 2701 1206 2784 tota,

272 2826 326 2905 Et
338 2828 506 2936 gradiens
520 2828 597 2908 ima
614 2828 724 2909 verrit
738 2826 889 2937 vestigia
905 2826 1035 2911 cauda.
1189 2887 1190 2890 κ

273 2965 388 3047 Aetas
406 2968 595 3050 Lucinam
606 2967 799 3080 justosque
818 2966 896 3078 pati
915 2963 1145 3077 hymenaeos
1291 2971 1349 3055 60

273 3105 421 3190 Desinit
441 3129 526 3193 ante
538 3110 687 3213 decern,
706 3110 789 3224 post
802 3127 962 3220 quatuor
981 3110 1113 3223 incipit
1133 3139 1271 3196 annos:

273 3249 408 3333 Cetera
424 3281 495 3335 nec
512 3253 678 3337 foeturae
691 3253 839 3351 habilis,
853 3279 923 3335 nee
936 3253 1041 3335 fortis
1055 3255 1195 3338 aratris.

274 3394 430 3493 interca,
445 3396 587 3504 superat
598 3398 772 3504 gregibus
786 3398 881 3475 dum
900 3394 995 3476 laeta
1007 3398 1191 3503 juventas,

275 3520 383 3612 Solve
398 3559 542 3614 mares:
576 3535 684 3612 mitte
707 3533 747 3613 in
764 3532 956 3614 Venerem
976 3532 1148 3642 pecuaria
1162 3529 1319 3641 primus,

118 3769 120 3772 ι
273 3674 404 3782 Atque
421 3675 534 3757 aliam
549 3704 596 3759 ex
615 3675 686 3759 alia
704 3677 915 3787 generando
934 3675 1060 3756 suffice
1078 3672 1238 3784 prolem.
1291 3677 1315 3757 6
1324 3701 1349 3789 5

201 3821 209 3835 '
274 3813 432 3920 Optima
444 3844 614 3924 quaeque
630 3815 709 3897 dies
727 3817 868 3897 miseris
890 3813 1110 3896 mortalibus
1122 3812 1203 3894 aevi

273 3952 402 4032 Prima
414 3953 533 4061 sugit:
566 3955 724 4035 subeunt
737 3955 873 4049 morbi,
891 3955 1073 4065 tristisque
1084 3953 1274 4038 senestus:

272 4097 325 4176 Et
339 4093 454 4191 labor,
466 4113 512 4173 -et
525 4094 639 4175 durae
657 4095 751 4206 rapit
765 4095 1004 4178 inclementia
1024 4097 1171 4183 mortis.

273 4240 428 4350 Semper
442 4254 560 4335 erunt,
576 4265 737 4358 quarum
751 4241 886 4322 mutari
901 4265 1057 4355 corpora
1074 4238 1196 4359 masis.

1198 4371 1355 4488 §.emm
