2948 5078
344 386 700 484 Gaonnacn.
737 379 854 475 Lan.
881 376 966 478 Ν.
1114 413 1211 514 ¹07

132 589 485 690 Etmunirefavoe,
514 581 1027 692 etDaeduamgeretem
1119 612 1122 617 ·
1182 651 1184 657 .
1338 675 1361 697 ‚¹

134 743 192 822 At
207 733 315 820 fessae
333 730 454 813 multa
470 727 637 811 referunt
648 721 1071 826 senouemnores,
1124 725 1214 816 180
1306 846 1307 849 p

136 1299 192 1384 lit
207 1298 391 1410 pinguem
407 1289 542 1390 tiliam,
572 1303 611 1373 et
627 1285 857 1398 ferrugineus
868 1285 1109 1399 hyacinthos.
1236 1307 1240 1314 ·

139 1437 419 1529 omnibuauma
432 1434 538 1542 quies
550 1456 723 1542 omnum,
755 1428 861 1510 labor
873 1430 1179 1514 omnibuauaut.

142 1578 263 1660 Mane
274 1590 389 1658 ruunt
399 1567 527 1684 portis,
556 1568 740 1677 nusquam
753 1595 877 1654 mora:
904 1570 1031 1652 rursus
1039 1566 1189 1650 easdem

142 1719 283 1832 Vesper
300 1716 368 1802 ubl
384 1741 407 1797 e
421 1712 529 1826 passu
544 1709 700 1794 tandem
712 1711 889 1794 decedere
902 1711 1047 1824 campie
1132 1696 1221 1796 186

143 1856 373 1957 Admonuit,
404 1873 490 1937 tum
510 1856 608 1935 neu
624 1868 769 1963 petunt,
802 1869 888 1933 tum
900 1877 1057 1965 corpora
1067 1866 1224 1938 curante

143 2003 207 2085 Fit
221 2000 372 2100 sonitus,
404 1991 640 2106 nuntiantque
657 2022 739 2076 oras
751 2012 790 2077 et
812 1995 944 2076 limina
960 1997 1118 2077 circum.
1145 1992 1149 1999 ’

144 2139 246 2237 Posi,
276 2142 439 2250 ubijam
461 2137 635 2219 thalamis
650 2134 687 2216 se
704 2134 959 2246 composuere,
990 2136 1119 2220 suetae

149 2281 197 2363 In
214 2283 379 2375 nostem,
394 2277 574 2388 fessosque
590 2277 700 2390 sopor
719 2277 803 2362 suus
814 2297 972 2393 occupat
990 2298 1102 2395 artua.
1139 2304 1224 2395 19⁰
1256 2326 1261 2343 ·

147 2420 235 2505 Nec
252 2444 342 2502 vem
357 2447 380 2501 a
399 2417 550 2502 stabulis
562 2418 689 2532 pluvia
710 2419 951 2531 impendente
966 2423 1155 2516 recedunt

146 2564 328 2674 Longius,
360 2578 424 2642 aut
442 2563 601 2644 credunt
617 2560 725 2642 coelo
740 2563 1023 2644 adventantibus
1038 2565 1163 2647 eurise

149 2707 221 2787 Sed
233 2707 378 2786 circum
390 2715 492 2781 tutae
506 2701 573 2780 sub
588 2700 785 2788 moenibus
802 2700 904 2782 urbis
920 2719 1119 2811 aquantur,

149 2839 410 2948 Excursusque
429 2839 557 2920 breves
576 2855 743 2922 tentant:
771 2856 810 2922 et
825 2839 931 2952 saepe
947 2842 1106 2954 lapillos,
1161 2934 1168 2946 ,

150 2985 206 3064 Ut
222 2979 380 3098 ¹cymbae
393 2977 590 3076 instabiles,
604 2979 907 3090 flusiujastante,
920 2983 1123 3087 saburram,
1142 3011 1192 3096 19
1196 3010 1223 3100 ς

151 3122 336 3204 Tollunt:
368 3115 428 3199 his
445 3117 516 3198 sese
534 3146 600 3229 per
621 3120 745 3200 inania
764 3119 892 3202 nubila
912 3120 1059 3205 librant.

151 3262 274 3348 illum
286 3258 380 3339 adeo
395 3255 570 3368 placuisse
588 3257 720 3367 apibus
737 3259 920 3341 mirabere
932 3286 1093 3360 morem,

152 3402 267 3511 Qud
285 3427 355 3480 nec
373 3399 575 3481 concubitu
592 3397 800 3510 indulgent,
831 3401 1208 3514 necxcorporasegnea

152 3545 199 3624 In
220 3542 408 3622 Venerem
428 3539 587 3639 solvunt,
618 3557 683 3621 aut
698 3540 820 3622 foetus
837 3540 986 3624 nixibus
1000 3544 1142 3625 edunt:

154 3684 302 3775 Verum
323 3682 421 3793 ipsae
438 3708 459 3764 e
478 3682 577 3763 foliis
592 3698 696 3764 natos
713 3700 752 3764 et
770 3681 940 3766 suavibus
953 3681 1078 3768 herbis
1139 3709 1226 3772 20⁰

155 3825 232 3903 Ore
247 3822 403 3932 legante
429 3822 528 3932 ipsae
545 3848 673 3932 regem
693 3822 899 3934 parvosque
915 3825 1080 3936 Qiritea

156 3962 375 4046 Sufficiunte
406 3961 579 4074 aulasque
594 3980 634 4046 et
650 3990 755 4047 cerea
771 3992 885 4077 regna
900 3965 1101 4076 refinguaa

154 4103 272 4214 Saepe
288 4104 404 4187 etiarn
420 4103 526 4188 duria
539 4107 697 4190 meando
712 4108 753 4189 in
773 4109 918 4192 cotibus
937 4108 1014 4192 alas

39 4351 48 4363 ι
156 4247 355 4350 Attii'vere,
380 4247 557 4362 tubaque
573 4250 742 4338 anim
758 4249 828 4338 sub
843 4250 943 4339 susat
955 4251 1105 4336 dedere.

1083 4389 1232 4476 Tautue
