2956 5078
207 350 308 429 120
435 309 780 418 'eruenn
814 315 1097 418 Musconis

187 520 380 614 'Protinus
396 521 445 604 ad
465 548 596 631 regem
612 519 737 600 cursus
748 498 944 630 detorquet
957 524 1120 623 larbam,
1261 572 1268 587 ·

206 667 454 773 Incenditque
465 662 639 744 animum
650 660 771 761 diuis,
784 679 902 770 atque
919 681 1067 773 aggerat
1086 667 1172 748 iras.

206 807 288 890 Hic
309 808 506 886 Ammone
520 803 627 898 satus,
641 818 744 911 rapta
759 802 1028 886 Garamantide
1044 805 1236 919 nympha,

207 946 378 1057 Templa
396 945 483 1051 jovi
494 960 649 1023 centum
667 941 748 1022 latis
762 943 945 1025 immania
955 949 1089 1055 regnis,
1140 1018 1146 1029 .
1193 977 1295 1037 200

207 1087 378 1172 Centum
396 1112 473 1166 aras
490 1082 624 1194 posuit,
643 1081 872 1193 vigilemque
892 1086 1090 1169 sacraverat
1107 1088 1261 1198 ignem,

205 1226 399 1310 Excubias
429 1224 561 1304 divum
586 1240 761 1320 aeternas,
780 1225 1047 1336 pecudumque
1070 1255 1206 1310 cruore
1269 1239 1274 1253 '

77 1342 82 1349 ⁶
204 1367 350 1476 Pingue
364 1364 500 1459 solum,
520 1380 558 1445 et
570 1363 675 1442 variis
695 1362 864 1444 florentia
881 1365 1012 1446 limina
1037 1367 1151 1451 sertis.

208 1504 333 1615 Isque,
358 1531 488 1588 amens
504 1502 621 1619 animi
647 1519 685 1583 et
701 1530 853 1583 rumore
867 1505 1040 1585 accensus
1059 1532 1207 1607 amaro,

102 1643 110 1651 ’
207 1645 361 1726 Dicitur
374 1663 460 1725 ante
477 1669 569 1741 aras,
587 1642 712 1722 media
725 1636 831 1743 inter'
844 1645 1000 1725 numina
1020 1645 1169 1744 divum,

193 1782 337 1875 ,Multa
354 1787 493 1891 Jovem
509 1783 682 1863 manibus
691 1783 849 1894 supplex
867 1783 981 1866 orasse
998 1785 1158 1895 supinis:
1194 1813 1257 1873 2ο
1264 1817 1294 1899 5

162 1996 165 2001 .
207 1920 382 2033 Juppite'r
392 1920 645 2031 omnipotens,
661 1920 722 2000 cui
737 1946 839 2002 nunc
846 1920 1040 2003 Maurusia
1051 1923 1158 2032 pislis
1184 1948 1187 1953 ·

205 2066 313 2144 Gens
321 2064 478 2174 ‘epulata
491 2064 579 2143 toris
592 2058 786 2143 Lenaeum
800 2061 893 2142 libat
911 2061 1109 2160 honorem,
1242 2064 1248 2071 ’

205 2201 351 2310 Aspicis
365 2199 481 2281 haec?
513 2229 560 2279 an
574 2221 622 2296 te,
639 2202 795 2307 genitor,
809 2229 903 2283 cum
919 2202 1082 2298 firlmina
1094 2220 1265 2313 torques,

204 2339 476 2449 Nequicquam
494 2334 715 2422 horremus?
746 2341 921 2449 caecique
940 2343 979 2421 in
998 2342 1161 2424 nubibus
1179 2345 1292 2455 ignes

205 2468 430 2562 Terrific'arit
440 2477 600 2577 animos,
613 2496 650 2559 et
662 2479 985 2561 inaniaruurmura
999 2480 1179 2565 miscent?
1203 2513 1287 2570 aro

204 2616 382 2718 Femina,¹
409 2648 504 2732 quae
518 2618 648 2701 nostris
662 2649 784 2702 errans
797 2620 837 2701 in
855 2621 992 2703 finibus
1010 2623 1144 2704 urbem

205 2765 397 2871 Exiguam
412 2762 530 2868 pretio
549 2760 683 2870 posuit,
715 2761 777 2841 cui
795 2762 882 2842 litus
899 2765 1093 2860 arandum,

205 2902 354 3010 Cuique
372 2901 446 2981 loci
466 2899 565 3007 leges
577 2900 762 2997 dedimus,
778 2903 968 2984 connubia
986 2904 1109 2985 nostra

203 3038 400 3151 Reppulit,
417 3067 460 3119 ac
475 3039 675 3118 dominum
693 3042 848 3121 Aenean
866 3042 906 3122 in
924 3070 1036 3152 regna
1055 3044 1210 3152 recepit.

203 3181 257 3262 Et
276 3208 376 3262 nunc
395 3177 458 3259 ille
478 3179 578 3261 Paris
598 3206 689 3258 cum
707 3179 879 3261 semiviro
895 3183 1090 3278 comitatu,
1191 3213 1244 3270 21
1257 3217 1285 3298 5

204 3312 385 3403 Maeonia
398 3335 573 3398 mentum
590 3319 700 3396 mitra
717 3320 937 3429 crinemque
953 3321 1172 3403 madentem

199 3460 527 3567 Guhmxnarapto
538 3457 703 3568 potitur:
736 3486 803 3573 nos
821 3486 977 3541 munera
992 3460 1144 3570 templis

203 3603 357 3711 Qippe
377 3599 448 3680 tuis
468 3599 634 3696 serimus,
649 3598 866 3710 famamque
884 3599 1056 3680 fovemus
1071 3601 1240 3687 inanem.

204 3740 364 3820 Talibus
381 3758 550 3822 orantem
573 3741 693 3837 dicus,
720 3741 871 3851 arasque
888 3757 1078 3823 tenentem

203 3879 337 3961 Audiit
354 3881 602 3987 omnipotens,
624 3878 823 3986 oculosque
837 3880 884 3958 ad
903 3880 1053 3961 moenia
1069 3881 1283 3972 turstano

205 4017 340 4127 Regia,
361 4034 398 4095 et
419 4017 551 4097 oblitos
564 4019 686 4099 famae
701 4016 864 4099 melioris
882 4038 1059 4100 amantes.

193 4159 319 4244 Tunc
339 4158 388 4239 sic
405 4158 644 4241 Mercurium
656 4157 869 4269 alloquitur,
888 4188 932 4242 ac
950 4161 1036 4243 talia
1049 4160 1235 4245 mandata

238 4305 240 4309 ’
415 4297 418 4304 ’
1146 4300 1279 4412 Vade,
