2948 5078
356 365 426 497 96
514 278 568 456 1²}
599 356 876 454 Vrnoru‘tr
911 358 1207 464 Manonrr'

353 564 584 664 Pascentem,
615 569 654 644 et
673 561 771 644 serae
783 560 901 643 solam
918 563 1096 648 decedere
1114 572 1244 670 nocti,

353 703 548 789 Continuo
565 699 720 812 culpam
735 684 835 784 serto
849 702 1055 813 compesce,
1084 709 1185 818 prius
1202 739 1322 821 quam

353 846 452 933 Dira
471 858 540 958 pct-
554 844 750 924 incautum
770 838 915 950 serpant
931 844 1101 953 contagia
1121 846 1266 959 vulgus.
1402 865 1407 874 '
1434 843 1437 849 ’

354 967 993 1095 Noutamcreberagen‘shyemem,
1019 986 1094 1067 ruit
1105 993 1404 1100 aequoreturbo,

354 1101 488 1244 Quam
498 1112 639 1212 multae
647 1124 976 1257 pecudum'pestes.
986 1155 1056 1209 nec
1064 1128 1205 1241 singula
1213 1136 1336 1220 morbi
1344 1165 1430 1253 47¹

353 1274 525 1384 Corpora
541 1267 744 1376 corripiunt
751 1303 764 1362 3
797 1263 860 1345 sed
871 1281 947 1346 tota
961 1266 1096 1350 aestiva
1109 1290 1272 1382 repente,

355 1416 561 1524 Spemque,
591 1400 820 1516 gregemque
848 1403 973 1507 fimul,
1005 1413 1259 1525 cunctamque
1284 1415 1332 1497 ab
1353 1419 1432 1501 ori-

416 1551 510 1661 gine
520 1559 686 1661 gentem.

355 1692 469 1776 Tum
485 1689 584 1786 sciat,
615 1687 728 1769 atrias
741 1685 873 1796 Alpes,
906 1704 944 1770 et
956 1688 1100 1773 Norica
1116 1690 1144 1772 fi
1162 1694 1246 1805 quis

355 1830 517 1916 catella
533 1829 573 1910 in
590 1825 759 1928 tumulis,
793 1843 830 1907 et
847 1829 984 1938 lapidis
998 1856 1082 1910 arva
1095 1833 1262 1933 Timavi,
1291 1912 1296 1921 ,
1338 1861 1396 1951 47
1402 1867 1427 1953 ς

356 1972 477 2057 Nunc
493 1997 645 2081 quoque
658 1965 742 2078 post
756 1983 858 2046 tanto
871 1966 993 2048 videat
1010 1971 1223 2082 desertaque
1235 2000 1348 2083 regna
1447 1956 1452 1965 ⁸

299 2092 302 2097 ⁵
356 2109 568 2210 Pastorum,
605 2126 643 2188 et
659 2106 770 2216 longe
788 2104 898 2187 saltus
916 2105 1063 2218 lateque
1080 2127 1261 2195 vacantes.

357 2250 439 2335 Hic
455 2246 649 2361 quondam
667 2244 803 2333 morbo
819 2236 916 2327 coeli
931 2231 1137 2331 miseranda
1151 2270 1278 2335 coorta
1291 2250 1347 2334 est

231 2434 233 2438 ·
357 2389 593 2503 Tempestas,
624 2405 779 2498 totoque
797 2380 969 2469 autumni
986 2380 1310 2493 incanduit'aestu,

357 2535 412 2619 Et
428 2560 545 2644 genus
561 2559 676 2612 omne
692 2529 775 2612 neci
790 2529 983 2639 pecudum
998 2531 1229 2629 dedit,omne
1247 2533 1426 2634 serarum,

359 2673 612 2784 corrupitque
629 2670 751 2770 lacus,
782 2669 911 2752 infecit
928 2670 1064 2782 pabula
1082 2673 1181 2756 tabo.
1341 2673 1425 2783 481

360 2816 448 2894 Nee
461 2808 520 2892 v'ia
534 2812 664 2892 mortis
676 2828 753 2893 erat
765 2796 944 2923 fimplex3
965 2812 1027 2892 sed
1040 2812 1104 2893 ubi
1118 2814 1226 2922 ignea
1237 2815 1340 2895 venir
1443 2920 1445 2924 μ

359 2953 552 3036 Omnibus
566 2957 647 3035 atta
662 2954 736 3035 fitis
752 2953 904 3036 miseros
919 2954 1121 3038 adduxerat
1138 2977 1249 3058 artus,
1328 3006 1343 3015 ··

359 3095 502 3182 Rursus
518 3093 730 3178 abundabat
743 3092 880 3175 fluidus
901 3094 1044 3205 liquor3
1074 3097 1276 3208 omniaque
1294 3097 1333 3178 in
1351 3097 1387 3178 se

361 3236 452 3318 osia
469 3235 685 3317 minutatim
700 3234 835 3318 morbo
851 3233 1011 3346 collapsa
1028 3235 1207 3323 trahebat.
1343 3236 1399 3343 48
1407 3263 1432 3349 5

325 3476 326 3479 q
358 3377 477 3482 Saepe
491 3375 531 3458 in
548 3375 691 3456 honore
705 3376 821 3455 deum
837 3373 964 3453 medio
977 3373 1074 3454 stans
1089 3373 1209 3455 hostia
1222 3374 1269 3454 ad
1285 3401 1402 3480 aram,

359 3513 488 3594 Lanea
509 3511 605 3593 dum
620 3513 727 3594 nivea
746 3512 997 3593 circumdatur
1014 3512 1133 3595 infula
1157 3514 1258 3608 vitta,

357 3654 463 3737 inter
480 3658 695 3736 concitantes
714 3654 849 3736 cecidit
864 3654 1088 3736 moribunda
1110 3650 1307 3736 ministros.
1347 3636 1349 3641 ⁵

360 3797 443 3876 Aut
462 3799 490 3877 sr
509 3828 626 3907 quam
645 3799 743 3880 ferro
762 3803 985 3880 mactaverat
1003 3814 1087 3877 ante
1108 3794 1287 3894 sacerdos,

361 3932 455 4015 Inde
475 3960 599 4042 neque
612 3934 791 4044 imposrtis
809 3935 938 4014 ardent
954 3934 1080 4016 altaria
1098 3932 1213 4038 fibris,
1346 3960 1433 4044 490

360 4074 403 4155 N
405 4101 448 4155 ec
466 4072 632 4182 responsa
652 4073 771 4181 potest
791 4073 977 4156 consultus
1002 4075 1155 4157 reddere
1175 4092 1299 4157 vates:
1403 4170 1408 4179 .

361 4221 423 4338 Ac
443 4217 507 4303 vix
520 4216 694 4329 suppofiti
707 4215 901 4335 tinguntur
920 4218 1095 4340 sanguine
1109 4219 1233 4317 cultri,

460 4389 461 4392 ¹
1201 4357 1435 4465 Summaque
