2948 5078
281 371 382 451 uo
440 279 518 435 (Ρ.
552 337 826 436 Vrecrnu
859 332 1145 437 Maeourr
1232 304 1238 313 ¹

270 549 357 643 llus
373 541 459 629 illae
475 539 635 654 pedibus
650 564 843 634 connexae
859 539 908 622 ad
925 537 1057 625 limina
1075 541 1254 653 pendent,

275 690 359 779 Aut
374 683 477 772 inus
487 681 621 771 cleufis
633 682 855 767 cunelanlur
868 678 909 761 in
928 678 1081 762 aedibus
1100 709 1249 785 omnes,
1312 674 1315 678 ⁴

275 829 514 936 ignavaeque
524 823 642 922 fame,
671 838 711 904 et
728 823 919 903 mmacro
934 818 1073 930 frigore
1088 821 1229 934 pigrae.

274 959 1048 1072 Turnlouusauditurgraviorrradimque
1055 959 1256 1046 susurrant:
1269 965 1357 1050 260

276 1109 452 1220 Frigidus
471 1124 515 1191 ut
530 1105 724 1217 quondam
742 1102 853 1212 sylvis
869 1102 1140 1187 immurmurat
1156 1104 1307 1205 auster;
1445 1161 1451 1175 ·

279 1251 339 1333 Ut
354 1276 457 1331 mare
473 1246 675 1330 sollicitum
694 1243 822 1325 stridet
836 1241 1079 1327 refluentibus
1096 1245 1228 1345 undis;
1456 1354 1459 1359 .

279 1387 438 1471 Aestuat
456 1402 499 1475 ut
515 1383 646 1467 claufis
657 1383 808 1496 rapidus
819 1382 1033 1467 fornacibus
1047 1384 1157 1494 ignis.
1332 1399 1335 1404 ·

278 1528 361 1615 Hic
372 1516 454 1638 jam
472 1524 669 1636 galbanem
687 1525 848 1642 suadebo
863 1525 1060 1611 incendere
1073 1510 1218 1628 odores,

282 1667 483 1778 Mellaque
500 1665 713 1755 arundineis
730 1665 865 1749 inferre
885 1666 1087 1766 canalibus,
1118 1667 1218 1751 ultro
1271 1669 1358 1781 265

277 1810 528 1906 Horarum,
558 1825 596 1890 et
609 1807 716 1891 fellas
733 1808 780 1895 ad
795 1806 934 1918 pabula
951 1826 1039 1890 nora
1056 1826 1268 1896 vocantem.

274 1947 455 2045 Proderit
470 1964 511 2035 et
524 1945 680 2034 tunsum
693 1944 813 2055 gallae
831 1944 1033 2028 adciscere
1046 1945 1231 2056 nporem,

283 2088 517 2200 Arentesque
531 2087 640 2186 rosas.
669 2105 736 2170 aut
750 2086 829 2197 igni
846 2086 1001 2198 pinguia
1017 2085 1144 2170 multo

283 2231 461 2330 Defruta
492 2229 553 2315 vel
572 2227 719 2341 psytbia
736 2229 854 2339 piros
872 2229 921 2311 dc
942 2227 1018 2312 rite
1036 2242 1217 2329 racemos,
1268 2238 1271 2243 ’

283 2371 590 2484 Cecropiumque
613 2368 809 2481 thymum,
844 2387 883 2452 et
907 2396 1017 2480 grave
1042 2371 1182 2453 olentia
1212 2385 1367 2453 centau-

347 2539 420 2594 rea
1276 2492 1366 2624 270

286 2651 356 2734 Est
369 2651 484 2735 etiam
501 2646 571 2730 flos
590 2647 630 2730 in
649 2649 774 2759 pratis,
806 2648 870 2730 cui
889 2675 1031 2731 nomen
1047 2649 1186 2731 amello

285 2794 428 2874 Fecere
441 2789 639 2900 agricolae,
670 2789 790 2872 facilis
807 2790 1068 2899 quaerentibus
1086 2789 1202 2872 herba
1217 2829 1231 2888 ς

287 2930 472 3040 Namque
492 2958 569 3016 uno
587 2929 781 3038 ingentem
802 2928 900 3009 tollit
918 2930 966 3011 de
984 2930 1118 3040 cespite
1137 2929 1293 3038 sylvam,

288 3073 440 3154 Aureus
460 3069 537 3182 ipse
557 3101 568 3154 ι
595 3069 660 3154 sed
676 3070 718 3153 iu
734 3068 848 3167 foliis,
879 3098 976 3180 quae
990 3070 1152 3180 plurima
1164 3069 1311 3153 circum

291 3211 532 3309 Funduntur,
560 3208 678 3294 violae
695 3210 865 3295 sublucet
880 3239 1046 3322 purpura
1059 3212 1198 3320 nigrae.
1282 3236 1368 3325 275

290 3351 410 3461 Saepo
425 3353 545 3432 deum
564 3351 669 3434 nexis
686 3370 834 3436 ornatae
855 3353 1050 3460 torquibus
1069 3378 1163 3433 arae.
1340 3415 1342 3420 .

292 3489 416 3599 Asper
432 3489 473 3572 in
490 3515 554 3572 ore
572 3486 689 3599 sapor.
718 3490 830 3573 tonsis
847 3489 887 3572 in
904 3491 1061 3572 vallibus
1074 3489 1186 3582 illum

293 3629 476 3730 Pastores,
504 3646 544 3714 ct
563 3657 677 3715 curva
690 3630 822 3744 legunt
839 3660 956 3744 prope
972 3631 1130 3713 flumina
1148 3627 1302 3712 Mellae.

295 3769 426 3880 Hujus
441 3774 597 3858 odorato
616 3776 757 3883 radices
774 3778 938 3887 incoque
954 3773 1119 3873 Baccho,

296 3902 515 4020 Pabulaque
532 3916 572 3995 in
589 3916 732 4003 foribus
746 3915 866 4023 plenis
883 3945 1030 4026 appone
1051 3915 1228 4000 canistris.
1290 3913 1375 4000 280

237 4128 243 4134 .
361 4053 476 4145 Sedii
496 4081 615 4166 quem
632 4057 753 4168 proles
769 4056 889 4139 subito
908 4061 1086 4142 defecerit
1105 4062 1244 4160 omnis,

298 4189 386 4279 Nec
404 4220 522 4310 genus
537 4193 640 4282 unde
656 4224 774 4284 novae
791 4197 912 4313 stirpis
930 4221 1135 4311 revocetur,
1168 4197 1346 4292 habebits

1202 4338 1382 4456 ssempus
