2948 5078
392 289 444 385 Ρ.
477 285 753 382 Vnum·
779 284 1059 382 Maronis

196 487 402 600 completo,
434 506 499 569 aut
515 489 664 570 decimo
676 489 777 572 sexto
794 490 944 575 ineunte
961 483 1128 595 contigit.
1190 484 1258 569 Sin

197 630 247 714 ad
258 628 372 737 usque
383 626 576 708 decimum
588 625 789 738 septimum
801 628 994 708 ineuntem
1006 624 1258 709 recedendum

199 768 274 850 esta
304 796 422 850 annus
439 768 555 850 isfuit
571 770 623 851 U.
642 769 689 850 C.
709 798 811 882 700.
829 767 1020 865 Consules,
1048 769 1097 853 L.
1114 765 1259 848 Domi·-
1357 848 1360 857 ,

200 905 273 986 tius
304 904 562 1005 Aenobarbus,
605 923 644 985 et
671 905 748 1014 Ap.
774 902 954 985 Claudius
986 902 1161 986 Pulcher.
1221 902 1260 985 Si

200 1046 363 1155 denique
392 1046 559 1128 docimus
587 1045 764 1154 septimus
799 1044 1007 1157 completus
1037 1044 1260 1154 requiritur:

196 1213 319 1303 ‘annus
350 1186 422 1266 suit
454 1187 505 1269 U.
526 1187 572 1266 C.
601 1212 703 1299 701.
736 1185 929 1282 Consules,
976 1186 1049 1268 Cn.
1071 1184 1263 1266 Domitius

200 1325 391 1421 Calvinus,
422 1340 460 1403 et
478 1322 539 1402 M.
559 1322 729 1402 Valerius
748 1320 906 1403 Messala
916 1361 929 1420 ς
979 1349 1263 1431 quemannutn

200 1463 390 1570 consignat
406 1460 465 1542 his
482 1462 601 1541 verbis
617 1461 874 1567 Hieronymus
894 1461 935 1542 in
951 1461 1132 1543 Eusebio:
1173 1460 1265 1545 Vir·

198 1602 314 1711 gilius
328 1604 472 1707 sumpta
491 1614 577 1704 toga
595 1595 845 1680 Mediolanum
860 1598 1146 1709 transgreditur.

264 1743 318 1823 Et
336 1764 437 1833 vero,
467 1737 531 1817 etfi
546 1738 723 1818 Romano
735 1740 818 1845 jure
834 1739 989 1848 pueritia
1009 1766 1107 1843 anno
1131 1767 1199 1851 ¹7·
1218 1737 1267 1817 fi-

200 1875 355 1974 nitetur,
397 1894 556 1984 tumque
587 1875 790 1957 sumeretur
820 1895 907 1988 toga
927 1906 1020 1989 pura
1049 1876 1266 1960 seuvirilis:

204 2035 333 2100 tamen
357 2042 427 2126 pro
451 2015 601 2096 arbitrio
632 2032 780 2125 tempus
795 2016 889 2097 illud
906 2017 1106 2127 aliquando
1122 2018 1269 2098 immu-

207 2172 331 2239 tatum
360 2154 577 2263 reperimus.
638 2154 831 2262 Augustus
858 2185 907 2239 ex
939 2158 1114 2263 Suetonio
1139 2172 1270 2264 togam

206 2291 363 2404 sumpsit
378 2318 477 2374 anno
501 2296 566 2376 16.
602 2291 774 2401 Caligula
808 2322 857 2375 ex
882 2294 1031 2408 eodem,
1055 2322 1166 2379 anno
1200 2322 1270 2376 20.

207 2429 272 2515 M.
293 2429 508 2512 Antoninus
521 2428 765 2541 philosophus
778 2458 826 2512 ex
839 2430 943 2539 Julio
957 2431 1183 2541 Capitolina,
1202 2459 1272 2513 an-

42 2590 45 2595 ’
208 2597 352 2683 n015.
518 2598 522 2605 ·

269 2711 400 2789 Annus
412 2709 465 2789 U.
484 2710 530 2791 C.
552 2709 654 2824 708.
670 2706 831 2818 Augusti
856 2709 921 2793 18.
940 2704 1100 2817 Virgilii
1121 2734 1191 2821 25.

269 2846 317 2924 C.
340 2845 505 2950 Juurus
526 2848 719 2930 Causan
744 2879 784 2960 3.

271 2984 593 3067 M.AnM121us
614 2990 821 3070 Lamus
855 3018 889 3073 1.

283 3122 395 3203 Ulius
414 3123 545 3205 Caesar
563 3125 688 3206 mense
707 3127 864 3207 octobri
892 3142 1023 3236 quater
1055 3124 1275 3236 triumphat,

305 3258 352 3340 de
371 3260 506 3358 Gallia,
537 3264 583 3342 de
598 3263 697 3358 Asia,
740 3264 787 3343 de
818 3265 1006 3370 Aegypto,
1056 3260 1104 3342 de
1133 3263 1275 3348 Africa.

215 3396 406 3492 octavius,
437 3395 565 3474 sororis
585 3399 662 3502 ejus
679 3425 808 3506 nepos,
840 3396 1066 3478 militaribus
1084 3399 1185 3483 donis
1202 3403 1278 3484 tri·

214 3529 337 3637 rampho
359 3528 520 3639 Caesaris
538 3531 723 3639 Africano
741 3533 891 3618 donatas
909 3537 968 3649 est,
1000 3566 1201 3649 quanquam
1215 3568 1279 3624 ex-

214 3681 298 3776 pers
312 3662 400 3748 belli
404 3681 556 3777 propter
568 3683 739 3760 aetatem.
771 3674 964 3760 Suetonius
976 3677 1016 3760 in
1033 3678 1221 3789 Augusto,
1239 3680 1279 3764 8·
