2948 5078
321 326 994 460 mammons-raris(
1106 370 1203 490 ¹39

133 574 285 685 Qidve
303 573 458 682 petunt?
487 590 584 675 quae
615 559 786 670 relligio?
825 578 890 644 aut
915 589 1012 672 quae
1030 567 1207 664 nuchidt

237 782 247 810 ,ἱ
316 708 433 792 belli?
1040 756 1043 761 ·
1199 769 1206 787 ,

135 858 306 942 Dixerat.
338 851 414 949 ille,
429 843 872 929 dolisinstrustusetarte
891 845 1056 959 Pelasga,
1204 900 1207 911 ·

134 999 433 1087 Sustulitexutaa
445 989 576 1071 vinclis
593 987 769 1070 adfidera
781 985 949 1097 palmas:
1011 970 1014 975 ⁵
1119 1067 1122 1076 ,

135 1143 227 1237 Vos,
246 1137 386 1220 aeterni
399 1136 515 1243 ignes,
530 1148 568 1213 et
586 1157 665 1211 non
674 1127 847 1211 violabile
860 1130 1026 1217 vestrum
1153 1174 1157 1179 ·
1186 1150 1206 1222 ”,

136 1281 272 1363 Testor
285 1271 442 1407 numen,
457 1272 530 1362 ait:
556 1297 623 1352 vos
636 1295 721 1351 arae
735 1267 909 1379 ensesque
928 1274 1093 1377 nefandi,
1127 1300 1205 1399 153

135 1425 245 1527 Qos
264 1420 347 1528 fugi
362 1456 374 1513 ;
406 1415 591 1523 vittaeque
609 1412 740 1508 deum,
758 1439 851 1522 quas
869 1412 989 1499 hostia
1002 1420 1115 1530 gelli:
1200 1424 1204 1431 '

137 1565 211 1643 Fas
231 1559 328 1640 mihi
347 1557 552 1638 Graiorum
570 1551 705 1633 sacrata
723 1550 902 1634 resolvere
916 1557 1003 1662 jura
1012 1600 1027 1657 3
1201 1565 1205 1636 ἶ

134 1698 332 1783 Farodiffe
350 1698 463 1796 viros,
481 1711 593 1804 atque
605 1692 840 1774 omniaserre
858 1692 925 1776 sub
940 1723 1060 1799 aurae,

136 1840 174 1922 Si
193 1868 268 1949 qua
283 1854 433 1947 tegam:
464 1853 593 1916 teneor
609 1834 747 1944 patriae
759 1861 828 1914 nec
841 1833 984 1944 legibus
1000 1838 1099 1927 ullis.
1197 1914 1203 1920 .

134 1982 202 2061 Tu
218 1979 335 2066 modo
348 1976 532 2088 promiffis
547 2003 711 2072 maneas,
723 1975 934 2085 servataque
947 1979 1065 2064 serres
1122 1986 1206 2084 360

137 2120 253 2226 Troja
265 2116 408 2198 fidem:
441 2117 571 2197 fivera
588 2110 723 2210 feram,
741 2113 769 2194 fi
789 2121 1158 2234 magnarependam
1197 2132 1203 2206 ζ

136 2256 274 2338 Omnis
287 2256 368 2366 spec
386 2256 579 2350 Danaum,
599 2271 637 2335 et
655 2255 780 2365 coepti
801 2253 939 2338 fiducia
957 2257 1062 2361 belli,

135 2389 297 2479 Palladis
313 2395 460 2477 auxiliis
473 2395 618 2506 semper
635 2394 745 2479 stetit.
771 2396 915 2506 implut*
925 2428 976 2480 ex
992 2430 1072 2509 quo

137 2539 309 2649 Tydides
323 2538 384 2617 sed
401 2538 517 2636 enirn,
532 2534 788 2641 scelerumque
805 2535 975 2617 inventor
989 2539 1149 2646 Ulysses,

134 2679 262 2760 Fatale
276 2672 430 2783 aggressi
443 2676 581 2753 sacrato
599 2672 757 2752 avellere
773 2673 918 2780 templo
964 2677 968 2688 ’
1125 2683 1177 2764 16
1183 2709 1208 2795 5

135 2815 359 2910 Palladium,
379 2812 490 2894 caefis
507 2812 677 2892 summae
691 2810 905 2893 custodibus
921 2813 1027 2914 areis,
1193 2840 1198 2847 ·

136 2957 359 3067 Corripuere
372 2954 513 3035 sacram
530 2954 709 3063 effigiem,
730 2953 975 3065 manibusque
992 2961 1155 3044 cruentis·

136 3096 332 3204 Virgineas
349 3094 425 3174 ausr
445 3095 552 3177 divae
569 3094 783 3204 contingere
800 3094 932 3179 vittas:

135 3239 198 3318 Ex
217 3235 283 3316 illo
301 3235 417 3315 fluere
432 3264 476 3317 ac
494 3256 591 3317 retro
606 3233 774 3344 sublapsa
790 3234 917 3316 referri

135 3384 226 3491 Spes
235 3379 432 3461 Danaum:
467 3378 604 3460 frattae
619 3378 725 3473 vires,
738 3376 861 3459 aversa
871 3375 963 3459 deae
976 3404 1097 3464 mena.
1125 3403 1208 3500 170

135 3526 224 3605 Nec
243 3523 365 3604 dubiis
383 3549 426 3603 ea
444 3523 545 3632 figna
565 3521 669 3603 dedit
681 3521 857 3603 Tritonia
874 3520 1061 3608 monstris.

136 3664 215 3743 Vix
234 3664 396 3773 posrtum
412 3661 536 3743 castris
555 3659 820 3756 srmulacrum;
847 3660 961 3741 arsere
979 3662 1153 3743 coruscae

135 3802 363 3885 Luminibus
382 3802 557 3882 flammae
576 3800 738 3898 arrediis,
752 3798 933 3910 salsusque
946 3827 1013 3910 per
1032 3815 1136 3881 artua

139 3944 257 4022 Sudor
275 3944 329 4041 iit,
349 3958 478 4050 terque
497 3941 576 4051 ipsa
591 3939 682 4037 solo,
704 3940 876 4022 mirabile
894 3940 1023 4041 dictu,
1125 3968 1209 4056 ¹74
1387 3995 1396 4003 .

135 4083 321 4180 Emicuit,
340 4108 590 4193 parmamque
605 4081 727 4163 ferent
737 4079 960 4192 hastamque
971 4100 1209 4165 trementem.

137 4223 343 4336 Extemplo
360 4222 534 4307 tentanda
554 4221 644 4333 suga
661 4222 761 4305 canit
776 4248 939 4343 aequora
956 4220 1141 4307 Calchas:

1125 4361 1214 4446 Nec
