2948 5078
195 317 275 406 40
421 280 1052 384 'Vruo1n11Muaourst

207 487 412 578 Arelurum
429 484 532 566 tenui
550 483 602 565 sat
613 481 915 591 erit'suspendere
933 480 1055 597 sulco:

205 598 302 719 Illic,
317 623 482 704 officiant
501 621 604 704 laetis
619 650 667 704 ne
680 619 1028 729 frugibus'herbae3
1137 654 1140 659 ·

204 760 297 861 Hie,
311 761 474 843 sterilem
489 762 645 870 exiguus
663 788 710 841 ne
723 758 862 840 deluat
879 757 1018 842 humor
1034 786 1198 845 uenam.
1212 788 1271 876 70

204 899 371 984 Alternis
382 900 487 983 idem
503 903 623 983 tonsas
640 898 772 980 cessare
789 896 950 996 novales,

204 1039 258 1123 Et
274 1039 425 1148 segnem
445 1040 582 1154 petiere
597 1039 670 1123 litu
678 1036 866 1119 durescere
882 1064 1073 1147 campum.

25 1188 29 1195 '
203 1181 285 1260 Aut
301 1180 355 1267 ibi
365 1178 562 1275 flavaseres
578 1196 722 1260 mutato
740 1177 853 1258 fidere
870 1175 979 1280 farra,

54 1409 58 1418 Ι
205 1318 319 1397 Unde
343 1319 443 1426 prius
461 1316 601 1397 laetum
619 1316 750 1425 filiqua
763 1315 950 1425 quaffante
961 1314 1163 1425 legumen

204 1458 287 1536 Aut
302 1474 429 1536 tenues
441 1455 563 1536 foetus
574 1455 702 1553 viciae,
713 1453 894 1564 tristisque
907 1453 1027 1564 lupini
1071 1538 1074 1544 .
1102 1560 1106 1568 ⁴
1177 1494 1181 1501 ¹
1208 1480 1236 1567 7
1242 1478 1266 1564 ς

126 1627 131 1635 ·
206 1595 397 1677 sustuleris
412 1594 559 1704 fragiles
577 1595 751 1694 calamos,
770 1595 986 1705 sylvamque
1005 1596 1213 1679 sonantem.
1287 1698 1290 1702 Α

49 1724 53 1732 ’
203 1736 291 1817 Urit
308 1736 412 1818 enirn
428 1736 495 1817 lini
514 1764 694 1846 campum
710 1736 822 1843 seges,
840 1738 913 1817 urit
929 1764 1090 1819 avenae:
1137 1746 1156 1817 ἦ

203 1874 329 1952 Urunt
343 1871 509 1956 Lethaeo
523 1873 667 1985 perfusa
684 1900 864 1982 papavera
882 1873 1025 1968 somno·

201 2010 277 2092 Sed
293 2031 421 2096 tamen
437 2013 582 2095 alternis
595 2012 713 2094 facilis
730 2009 855 2095 labor:
886 2012 990 2111 arida
1001 2027 1149 2099 tantum

200 2147 267 2231 Ne
282 2150 436 2234 saturare
449 2153 543 2235 fimo
556 2153 688 2263 pingui
704 2152 843 2262 pudeat
859 2149 936 2232 sola
951 2192 976 2248 3..
996 2164 1089 2237 neue
1135 2185 1183 2229 ··;,;
1211 2147 1269 2233 80

92 2369 96 2378 ,
198 2285 368 2376 Effoetos
388 2290 552 2370 cinerem
570 2292 815 2371 immundum
827 2291 968 2398 jactare
988 2318 1053 2400 per
1070 2315 1190 2397 agros.

201 2425 261 2504 Sic
281 2444 433 2537 quoque
447 2427 598 2509 mutatis
617 2425 851 2534 requiescunt
867 2426 1027 2507 foetibus
1042 2452 1140 2508 arva.

199 2564 287 2647 Nec
300 2564 403 2646 nulla
416 2567 553 2649 interea
568 2564 623 2647 est
639 2565 796 2644 inaratae
810 2564 1065 2675 gretiaterrae.
1129 2606 1145 2643 .·

200 2706 316 2814 Saepe
336 2708 450 2788 etiam
470 2706 606 2789 steriles
622 2706 816 2786 incendere
834 2706 973 2814 profuit
993 2733 1112 2812 agros,

200 2847 328 2952 Atque
345 2846 467 2926 levem
488 2847 660 2955 stipulam
677 2846 938 2955 crepitantibus
961 2872 1065 2925 urere
1082 2843 1268 2931 flammis:

200 2984 284 3063 Sive
296 2985 383 3065 inde
400 2986 562 3068 occultas
576 2987 668 3068 vires
688 3004 725 3066 et
743 2985 876 3094 pabula
894 3002 1009 3066 terrae
1212 2989 1265 3070 86

199 3125 359 3234 Pinguia
371 3126 611 3236 concipiunt:
642 3125 714 3206 five
732 3125 803 3206 illis
815 3152 928 3206 omne
945 3153 1009 3234 per
1025 3125 1152 3233 ignem

200 3265 433 3374 Excoquitur
451 3268 596 3364 vitium,
609 3285 718 3375 atque
732 3266 868 3347 exudat
886 3264 1024 3344 inutilis
1040 3264 1204 3344 humor:

200 3405 272 3481 Seu
284 3403 406 3510 plures
423 3403 522 3484 calor
534 3397 597 3483 ille
608 3407 696 3501 vias,
713 3421 750 3482 et
764 3431 871 3483 caeca
886 3402 1023 3495 relaxat

199 3542 439 3648 spiramenta,
459 3569 572 3622 novas
584 3541 706 3621 veniat
725 3570 800 3649 qua
817 3542 946 3623 succus
960 3543 999 3622 in
1012 3539 1166 3624 herbas:
1207 3572 1263 3652 9o

200 3684 272 3762 Seu
290 3683 397 3765 durat
410 3682 542 3791 magis,
557 3699 594 3761 et
607 3707 717 3761 venas
733 3681 906 3790 astringit
916 3680 1081 3762 hiantes:

198 3823 263 3904 Ne
276 3839 402 3902 tenues
413 3823 571 3931 pluviae,
591 3819 753 3929 rapidive
771 3822 936 3931 potentia
948 3818 1043 3900 Solis

195 3960 342 4055 Acrior,
360 3978 423 4052 aut
440 3961 578 4040 Boreae
591 3959 814 4070 penetrabile
831 3960 949 4069 frigus
961 3959 1103 4040 adurat.

197 4098 369 4183 Multum
380 4098 485 4202 adeo,
495 4098 616 4181 rastris
631 4096 756 4218 glebas
769 4100 837 4211 qui
848 4097 992 4210 ‘frangit
1004 4100 1154 4196 inertes,
1219 4167 1221 4171 ,

996 4235 1261 4343 vimineasque
