2948 5078
194 371 261 470 24
393 338 747 475 Risus-‚run
782 339 1065 440 Mr-norrrs

190 546 308 633 Nunc
322 559 360 624 te
376 538 634 627 marmoreum
659 571 730 656 pro
756 560 926 657 tempore
941 546 1127 632 fecimus:
1157 553 1284 650 atu*

112 770 116 779 ,
191 684 230 767 Si
249 682 395 765 foetura
411 702 565 795 gregem
578 684 812 796 suppleverit,
830 712 960 768 aureus
977 690 1068 770 esto.
1203 690 1259 799 36

188 820 291 903 Con.
320 822 466 904 Nerine
482 821 652 922 Galatea,
671 820 808 931 thymo
825 821 922 905 mihi
943 823 1089 908 dulcior
1096 825 1261 937 Hyblae,

188 960 395 1047 Candidior
411 963 550 1072 cycnis,
568 962 705 1045 hedera
716 963 912 1046 formosior
926 966 1033 1051 alba:

187 1103 297 1187 Cum
311 1104 482 1216 primurn
498 1103 590 1216 pasti
604 1121 772 1214 repetent
790 1105 972 1216 praesepia
984 1105 1091 1206 tauri,

189 1243 231 1325 Si
250 1271 324 1354 qua
337 1245 393 1326 tui
409 1243 619 1352 Corydonis
634 1239 749 1355 hahet
767 1236 811 1323 te
823 1272 923 1343 cura,
941 1246 1080 1330 venito.
1198 1269 1256 1349 40

187 1356 315 1462 Tur.
334 1382 462 1462 Immo
480 1408 552 1490 ego
568 1383 713 1463 Sardois
724 1381 853 1474 videar
870 1383 939 1465 tibi
956 1387 1115 1467 amarior
1127 1379 1265 1477 herbis,

189 1518 392 1601 Horridior
408 1519 528 1617 rusco,
541 1522 702 1631 projesta
717 1520 823 1602 vilior
834 1519 942 1633 algu
1065 1586 1076 1603 ,

125 1720 131 1743 .
194 1660 234 1743 Si
251 1658 349 1742 mihi
364 1686 442 1739 non
461 1658 554 1742 haec
568 1660 635 1743 lux
652 1679 731 1742 toto
743 1662 826 1769 jam
844 1661 991 1772 longior
1007 1690 1106 1745 anno
1125 1660 1191 1746 est.

192 1804 252 1887 Ite
269 1801 430 1884 domum
440 1803 546 1911 pasti,
566 1803 689 1911 siquis
708 1802 840 1910 pudor,
860 1803 909 1884 ite
915 1804 1080 1910 juvenci.

191 1943 295 2023 Cos:
310 1939 475 2022 Muscosi
485 1940 618 2037 fontes,
633 1960 669 2020 et
682 1940 815 2020 somno
833 1939 984 2022 mollior
1001 1939 1129 2036 herba,
1150 1999 1155 2006 ·
1204 1966 1231 2044 4
1237 1960 1261 2048 ς

193 2083 248 2165 Et
259 2108 356 2190 quae
373 2106 438 2161 vos
454 2107 534 2160 rara
549 2079 675 2161 viridis
689 2078 779 2187 tegit
798 2079 949 2160 arbutus
966 2076 1115 2175 umbra,

196 2219 403 2303 Solstitium
421 2219 547 2331 pecori
564 2217 762 2300 defendite.
787 2217 869 2326 jam
882 2219 984 2299 venit
998 2216 1112 2299 aestas

195 2357 383 2440 Torrida:
410 2359 493 2467 jam
512 2357 608 2440 laeto
625 2374 773 2466 turgent
793 2356 833 2436 in
850 2357 1004 2467 palmite
1025 2381 1212 2466 gemmae.

192 2498 317 2608 Tur.
348 2498 428 2579 Hic
446 2495 566 2595 focus,
585 2515 623 2578 et
639 2497 765 2579 taedae
783 2497 965 2607 pingues:
993 2494 1058 2578 hic
1080 2493 1265 2603 plurimus

380 2665 476 2747 rgms
1290 2674 1295 2687 ·

199 2777 366 2883 Semper,
387 2794 425 2855 et
444 2776 582 2857 affidua
600 2776 721 2888 postes
738 2776 895 2884 fuligine
913 2776 1021 2884 nigri.
1210 2796 1266 2879 50

197 2912 279 2997 Hic
292 2929 440 2995 tantum
459 2915 596 2996 Boreae
610 2944 784 2997 curamus
798 2915 957 3024 frigora3
989 2928 1176 3024 quantum

200 3052 282 3135 Aut
299 3078 504 3134 numerum
525 3053 646 3165 lupus,
667 3074 730 3136 aut
746 3055 921 3136 torrentia
941 3052 1099 3134 flumina
1112 3049 1220 3159 ripas.

199 3190 307 3273 Con.
338 3193 442 3274 Stant
457 3209 495 3274 et
503 3193 678 3304 juniperi,
693 3213 731 3274 et
740 3193 928 3274 castaneae
946 3191 1105 3271 hirsutae
1121 3219 1131 3268 :

201 3329 318 3408 Strata
328 3331 452 3433 jacent
468 3332 602 3436 paffirn
616 3333 677 3410 sua
691 3361 861 3437 quaeque
875 3332 940 3410 sub
956 3330 1083 3409 ubore
1101 3353 1236 3436 poma:

202 3465 344 3545 Omnia
361 3491 462 3544 nunc
483 3467 628 3546 rident:
660 3486 698 3544 at
716 3468 742 3544 fi
760 3469 943 3546 formosus
958 3466 1088 3547 Alexis
1210 3491 1232 3574 5
1241 3491 1265 3574 ς

201 3601 400 3685 Montibus
414 3601 472 3683 his
485 3602 603 3705 abeat,
617 3604 740 3683 videas
755 3624 792 3685 et
809 3605 966 3686 flumina
978 3605 1085 3686 ficca.

201 3741 324 3824 Tur.
354 3745 448 3824 Aret
461 3770 571 3851 ager,
591 3744 681 3823 vitio
694 3746 855 3825 moriens
868 3746 939 3824 srtit
956 3742 1048 3823 airis
1065 3739 1206 3825 herba:

201 3874 317 3962 Liber
330 3882 545 3990 pampineas
559 3882 689 3962 invidit
702 3862 858 3964 collibus
879 3883 1042 3964 umbras.

203 4017 386 4128 Phyllidis
403 4021 564 4101 adventu
576 4020 718 4103 nostrae
737 4049 871 4103 nemus
885 4050 999 4105 omne
1008 4021 1163 4105 virebit:

188 4156 350 4285 ¹Jupiter
363 4177 401 4240 et
420 4159 518 4244 laeto
532 4160 728 4247 descendet
743 4161 927 4278 plurimus
947 4163 1075 4285 imbri.
1173 4174 1177 4181 ’
1200 4160 1270 4243 “⁶0

1159 4296 1272 4379 Con.
