2948 5078
376 370 707 506 Gap-ramea,
743 367 857 472 Lu·
894 368 979 471 ΙΙΙ.
1143 314 1209 502 §9

130 573 352 688 Praecipites
376 573 449 654 alta
468 573 586 656 vitam
600 569 669 652 sub
686 569 787 652 nube
804 570 1032 683 relinquunt.

132 719 334 815 Praeterea,
365 741 435 795 nec
446 714 528 824 jam
544 712 683 793 mutari
699 701 840 823 pabula
854 711 977 814 refert,

131 855 402 966 Quaesitaeque
418 871 557 937 nocent
570 852 664 935 'artes
679 884 695 937 c
717 851 851 936 cessere
869 850 1048 966 magistri,

130 983 520 1109 Phillyrides'Chlron
529 991 884 1112 Amythaoniusque
892 997 1124 1110 Melampus.
1130 1021 1212 1110 550

133 1140 255 1237 Saevit
268 1155 318 1235 et,
350 1138 390 1219 in
402 1136 530 1245 lucem
542 1134 677 1245 Stygiis
689 1132 817 1236 emissa
829 1137 988 1251 tenebris
1231 1112 1236 1119 Ι

131 1277 276 1360 Pallida
287 1271 509 1386 Tifiphone,
537 1266 690 1355 morlsos
703 1272 877 1383 agitante
890 1296 1129 1389 metumque,

129 1419 255 1530 inque
268 1417 346 1498 dies
364 1416 517 1497 avidum
534 1414 683 1523 surgens
698 1434 812 1525 caput
827 1415 936 1498 altius
953 1416 1074 1503 effert.

136 1559 267 1641 Balatu
284 1582 467 1670 pecorum
482 1573 522 1643 et
537 1554 674 1638 crebris
691 1556 896 1679 mugitibus
913 1586 1056 1661 amnes,

133 1699 368 1810 Arentesque
384 1696 515 1780 sonant
530 1698 644 1808 ripae,
675 1695 860 1808 collesque
877 1698 1011 1810 supini.
1123 1726 1147 1812 5
1154 1726 1176 1811 5
1183 1724 1210 1814 ς

136 1841 299 1951 Jamque
310 1834 526 1940 catervatim
538 1837 602 1921 dat
614 1838 787 1949 stragem,
818 1857 932 1951 atque
945 1859 1096 1954 aggerat
1107 1843 1194 1958 ipsis

134 1981 182 2063 lu
195 1979 346 2097 ltauffis
363 1979 463 2092 turpi
482 1977 622 2092 dilapsa
638 1979 816 2063 cadavera
836 1981 947 2065 tabo:
1001 2083 1006 2089 ,

134 2120 270 2202 Donec
283 2118 405 2221 humo
418 2137 553 2230 tegere,
584 2146 628 2199 ac
642 2119 760 2201 foveis
775 2116 998 2203 abscondere
1014 2121 1187 2239 discunt,

134 2259 244 2341 Nam
256 2287 379 2375 neque
392 2259 710 2353 eratcoriisusur:
742 2288 813 2344 nec
833 2260 1186 2377 visceraquisquann

135 2403 218 2485 Aut
237 2403 348 2486 undis
364 2401 510 2489 abolere
523 2403 656 2516 potest,
674 2423 740 2486 aut
759 2407 906 2490 vincere
925 2407 1101 2507 flamma:
1124 2412 1212 2524 560

130 2541 178 2635 N
177 2568 221 2622 ec
238 2543 392 2627 tondere
409 2545 567 2655 quidem
584 2545 721 2646 mprbo
738 2542 940 2652 illuvieqoe
959 2545 1085 2652 peresa

133 2681 296 2783 Vellera,
327 2711 398 2767 nec
419 2685 510 2768 telas
525 2682 674 2795 polluat
692 2668 870 2788 attingere
885 2697 1028 2790 putres.

105 2872 109 2881 ·
134 2818 280 2902 Verum
297 2822 411 2903 etiarn
425 2821 558 2905 invisoe
571 2820 599 2903 sr
614 2820 702 2930 quis
720 2835 875 2905 tentarat
888 2821 1073 2921 mistura

133 2959 319 3039 Ardentes
335 2956 507 3068 papulae,
536 2976 650 3069 atque
669 2957 892 3041 inmundus
909 2958 1049 3043 olentia
1068 2956 1181 3061 sudor

133 3095 316 3177 Membra
327 3094 557 3203 sequebatur.
587 3123 658 3178 nec
669 3094 783 3205 longo
796 3095 931 3180 deinde
944 3094 1106 3179 moranti
1122 3099 1176 3210 56
1182 3123 1208 3214 ς

132 3240 340 3350 Tempore,
370 3239 561 3323 contactos
576 3255 678 3325 artus
693 3235 792 3320 sacer
808 3237 905 3352 ignia
920 3235 1066 3334 edebat.
1186 3337 1189 3341 ¹
