2948 5078
227 346 323 434 144
403 311 1067 412 P.V1rom11Mnnou1s

218 519 338 600 Terra
356 512 519 627 antiqua,
540 533 670 626 potens
684 514 796 597 armis
806 533 917 625 atque
931 517 1044 600 ubere
1060 519 1214 629 glebae:
1243 564 1249 577 ·

218 659 380 740 Oenotri
394 658 541 739 coluere
558 657 652 753 viri3
683 683 785 736 nunc
801 655 916 751 fama,
934 659 1096 739 minores
1201 691 1223 776 5
1232 660 1283 774 36

218 800 371 884 Italiam
389 798 530 897 dixiffe,
549 797 655 880 ducis
672 797 720 880 de
738 798 906 897 nomine,
926 817 1090 906 gentem.

219 945 314 1027 Huc
331 942 456 1025 cursus
468 941 563 1022 fuit:

220 1085 326 1165 Cum
343 1079 463 1162 subito
479 1078 667 1187 assurgens.
682 1078 799 1160 fluctu
812 1078 1001 1162 nimbosus
1019 1082 1139 1162 Orion

219 1221 368 1304 Invada
381 1247 489 1300 caeca
495 1218 591 1316 tulit,
604 1219 821 1328 penitusque
835 1223 1050 1330 prooucibus
1061 1222 1190 1304 austris
1198 1249 1288 1332 440

219 1366 365 1472 Perque
382 1361 513 1458 undas,
533 1362 723 1471 superante
740 1362 826 1460 salo,
845 1392 982 1474 perque
1001 1367 1099 1446 invia
1116 1366 1200 1446 saxa

221 1503 397 1616 Dispulit.
432 1501 509 1583 huc
528 1504 636 1613 pauci
654 1504 779 1586 vestris
793 1506 1010 1589 adnavimus
1029 1508 1115 1589 oris.

56 1664 59 1671 '
221 1645 338 1759 Qod
355 1670 470 1754 genus
486 1640 562 1722 hoc
582 1642 797 1743 hominum,
826 1675 966 1754 quaeve
984 1644 1089 1730 hunc
1106 1665 1186 1728 tam
1204 1646 1289 1728 bar·

339 1816 343 1823 ·
405 1783 493 1863 bara
509 1810 659 1863 morem
1155 1858 1159 1865 .

220 1923 409 2007 Permittit
420 1924 557 2033 patria?
589 1919 747 2031 hospitio
764 1921 1008 2031 prohibemur
1027 1952 1168 2008 menae.

213 2063 325 2178 xBella
342 2063 454 2161 cient,
474 2062 666 2172 primaque
681 2079 804 2143 vetant
820 2062 1012 2145 consistere
1027 2083 1133 2148 terra.
1199 2092 1254 2175 54
1260 2091 1284 2176 ς

222 2204 262 2283 Si
276 2231 392 2312 genus
404 2201 618 2282 humanum
632 2219 670 2281 et
681 2201 851 2284 mortalia
868 2206 1033 2286 temnitis
1051 2233 1179 2302 arma,

221 2344 277 2424 At
294 2341 432 2452 sperate
448 2341 539 2422 deos
551 2368 736 2425 memores
753 2341 858 2423 fandi
874 2362 986 2453 atque
1003 2345 1166 2427 nefandi.

222 2483 310 2564 Rex
323 2498 399 2561 erat
412 2482 556 2561 Aeneas
573 2477 693 2575 nobis,
705 2508 781 2588 quo
794 2481 925 2588 justior
943 2481 1034 2564 alter

222 2622 310 2705 Nec
328 2623 461 2732 pietate
478 2620 562 2718 fuit,
580 2648 649 2701 nec
661 2619 762 2701 bello
779 2623 895 2729 major
915 2642 951 2703 et
969 2625 1104 2704 armis:

225 2766 354 2860 Quem
374 2761 401 2838 fi
420 2761 494 2840 fata
508 2760 631 2840 virum
649 2761 804 2859 servant,
824 2762 851 2839 fi
871 2764 1024 2842 vescitur
1042 2792 1128 2843 aura
1206 2785 1289 2868 550

224 2900 421 3003 Aetherea,
443 2929 563 3009 neque
581 2900 704 2982 adhuc
722 2902 931 2983 crudelibus
944 2906 1103 2984 occubat
1121 2899 1287 2992 umbris;

223 3044 317 3125 Non
337 3059 472 3138 metus,
493 3041 618 3122 officio
635 3070 705 3122 nec
722 3059 758 3122 te
779 3044 926 3123 certatio
947 3047 1109 3152 priorem

222 3182 425 3263 Poeniteat.
455 3182 591 3261 suntet
612 3181 743 3261 Siculis
761 3183 971 3290 regionibus
989 3184 1108 3279 urbes,

222 3330 432 3429 Armaque,
449 3323 688 3429 Trojanoque
702 3352 723 3401 a
738 3323 910 3431 sanguine
928 3324 1046 3404 clarus
1065 3320 1228 3402 Acestes.

223 3459 438 3570 Qaffatam
459 3461 575 3539 ventis
593 3462 699 3540 liceat
717 3461 917 3542 subducere
935 3462 1095 3557 classem,
1203 3483 1288 3568 555

222 3605 274 3681 Et
289 3601 396 3709 sylvis
413 3619 536 3709 aptare
556 3602 685 3699 trabes,
699 3621 735 3683 et
753 3602 927 3712 stringere
947 3630 1081 3683 remos.

225 3742 261 3816 Si
280 3742 386 3820 datur
405 3742 564 3838 Italiam,
586 3744 690 3822 sociis
711 3761 747 3822 et
765 3772 850 3850 rege
869 3761 1029 3852 recept0,

223 3879 409 3969 Tendere,
426 3898 468 3954 ut
486 3878 645 3974 Italiam,
665 3880 747 3957 laeti
766 3882 992 3988 Latiumque
1010 3898 1192 3990 petamus

224 4018 287 4097 Sin
307 4014 500 4120 absumpta
517 4014 622 4110 salus,
641 4036 678 4096 et
702 4036 752 4116 te,
771 4040 873 4128 pater
890 4022 1033 4131 optime
1050 4024 1260 4112 Teucrum,

221 4159 363 4240 Pontus
380 4152 492 4239 habet
506 4152 661 4264 Libyae,
672 4188 740 4244 nec
759 4161 838 4273 spes
851 4165 932 4272 jam
947 4164 1055 4247 restat
1068 4162 1163 4258 ltili,
1205 4163 1291 4265 560

1235 4298 1289 4375 At
