2948 5078
299 413 364 500 14
502 378 551 473 P.
589 378 847 471 Vrnornrr
883 374 1164 472 Miretur

293 567 464 654 Mutabit
481 593 645 650 merces:
677 563 802 646 omnis
819 563 913 645 feret
930 566 1060 646 omnia
1076 569 1199 652 tellus.
1385 665 1388 669 ⁷

165 760 169 770 ·
292 711 386 792 Non
405 704 536 788 rastros
548 705 706 817 potietur
723 701 878 800 humus,
892 732 970 786 non
982 705 1089 789 vinca
1109 707 1274 795 falcem:
1307 745 1365 823 4⁰

291 848 484 933 Robustus
498 878 651 960 quoquc
664 849 746 956 jam
760 847 872 928 tauris
881 848 973 956 juga
990 847 1247 937 solvet-arator.

276 989 379 1072 'Nec
396 988 514 1071 varios
529 989 644 1070 discet
659 986 809 1068 mentiri
824 985 908 1067 lana
925 986 1079 1069 colores.

290 1127 374 1239 lpse
391 1128 455 1211 sed
472 1131 512 1210 in
530 1129 641 1242 pratis
654 1128 746 1211 aries
759 1127 842 1236 jam
855 1126 966 1209 suave
985 1127 1135 1211 rubenti

291 1267 455 1368 Murice,
466 1271 549 1376 jam
565 1296 699 1351 croceo
716 1266 878 1348 mutabit
890 1266 1027 1350 vellera
1043 1269 1124 1352 luto
1137 1303 1149 1353 r

116 1424 119 1429 ’
292 1410 430 1519 Sponte
448 1407 513 1490 sua
529 1407 658 1490 sandix
678 1407 866 1520 pascentes
878 1407 1006 1491 vestiet
1022 1438 1151 1520 agnos.
1305 1444 1333 1522 4
1339 1442 1362 1526 5

288 1548 403 1631 Talia
415 1547 543 1649 saecla,
556 1548 629 1632 suis
648 1551 835 1652 dixerunt,
853 1551 1002 1650 currite,
1026 1552 1115 1636 sufis

287 1691 504 1775 Concordes
527 1692 648 1775 stabili
670 1695 836 1776 fatorum
855 1697 1012 1777 numine
1030 1695 1186 1804 Parcae„

287 1832 518 1942 Aggredcrc,
536 1862 562 1915 o
580 1861 751 1943 magnos,
767 1828 885 1914 ade'rit
892 1837 974 1942 jam
984 1851 1146 1944 tempus,
1160 1836 1336 1938 honores,

288 1968 387 2050 Cara
398 1971 530 2051 Deum
549 1969 704 2070 soboles,
724 1997 909 2079 magnum
923 1969 1028 2077 Jovis
1043 1971 1345 2069 incrementum!

288 2105 426 2218 Aspice
439 2135 609 2192 convexo
619 2127 815 2193 nutantem
831 2110 996 2222 pondere
1013 2110 1216 2212 mundum,
1307 2146 1363 2230 50

288 2249 510 2360 Terrasqne,
521 2253 730 2363 tractusque
742 2252 868 2351 maris,
879 2253 1104 2364 coelumque
1112 2256 1364 2366 profundumr

213 2442 216 2447 -
288 2376 439 2503 Aspice,
457 2412 614 2477 venturo
631 2395 811 2478 laetentur
827 2415 872 2478 ut
891 2397 1019 2478 omnia
1037 2397 1170 2483 saeclo.

118 2595 122 2603 .
291 2534 330 2616 0
348 2532 447 2616 mihi
462 2554 542 2618 tam
561 2537 694 2648 longae
707 2552 857 2620 maneat
873 2566 956 2650 pars
976 2539 1110 2621 ultima
1127 2541 1236 2639 vitae,

290 2674 444 2785 Spiritus
457 2694 506 2774 ct,
521 2697 707 2787 quantum
718 2679 771 2761 sat
783 2679 853 2761 erit
866 2696 931 2789 tua
948 2678 1069 2760 dicere
1082 2678 1203 2762 frua!

289 2818 384 2897 Non
398 2845 462 2897 me
475 2821 702 2902 carminibus
714 2821 851 2921 vincet,
871 2848 941 2902 nec
957 2818 1145 2902 Thracius
1161 2818 1350 2931 Orpheus,

288 2957 376 3038 Nec
393 2956 536 3040 Linus:
567 2957 658 3041 huic
680 2978 798 3041 mater
812 2960 996 3069 quamvis,
1023 2977 1134 3070 atquc
1153 2959 1243 3042 huic
1261 2979 1365 3069 pater

473 3097 589 3199 adfit;
1307 3104 1360 3212 56

289 3239 437 3351 Orphei
455 3240 658 3352 Calliopea,
679 3242 779 3324 Lino
798 3239 981 3323 formosus
996 3238 1148 3348 Apollo

290 3383 370 3462 Pan
386 3384 512 3478 ctiam,
532 3384 693 3463 Arcadia
711 3411 867 3462 mecum
884 3384 911 3460 fi
924 3382 1050 3483 judice
1069 3397 1198 3480 certet,

289 3524 370 3604 Pan
390 3523 505 3604 eriam
525 3525 688 3603 Arcadia
706 3523 805 3601 dicat
825 3522 861 3601 sc
877 3522 1004 3627 judice
1023 3520 1179 3599 vibium.

288 3662 431 3772 incipe,
452 3688 561 3772 parve
579 3688 684 3771 puer,
714 3659 786 3741 risu
800 3658 1018 3766 cognoscere
1038 3674 1227 3738 matrem:
1303 3659 1359 3739 6o

288 3803 406 3886 Matri
422 3802 533 3910 longa
545 3802 679 3883 decem
699 3799 863 3882 tulerunt
876 3797 1021 3880 fastidia
1039 3795 1193 3880 menses.

289 3945 429 4054 Incipe,
451 3971 562 4054 parve
576 3971 688 4053 puer;
709 3941 771 4020 cui
786 3969 861 4020 non
877 3940 983 4021 risere
1001 3956 1181 4050 parentes,

288 4090 375 4171 Nec
390 4091 495 4171 Deus
515 4083 618 4167 hunc
637 4085 774 4206 mensa,
799 4084 882 4167 Dea
900 4111 969 4166 nec
989 4083 1139 4193 dignata
1156 4079 1270 4163 cubili
1295 4078 1361 4163 est.

1094 4332 1360 4449 ncnocn
