2948 5078
401 366 729 495 Aruernos,
758 359 871 457 Lu.
897 358 970 453 I(
1115 304 1209 495 r4q

143 562 216 644 Per
235 557 401 656 medias,
414 553 552 643 instans
568 550 672 660 operi
686 547 880 659 regnisque
899 548 1045 635 futuris.
1192 544 1194 547 ’

141 705 253 795 Turn
270 700 417 787 foribus
430 698 553 793 divar,
564 692 689 777 media
707 691 890 774 testudine
904 667 1058 805 tempii,

142 843 253 954 Septa
265 839 378 920 armis
390 836 560 946 solioque
576 833 649 917 alte
661 832 987 930 subnixa„resedit.
1123 858 1210 947 μα

144 981 236 1089 Jura
254 980 365 1060 dabat
385 975 556 1087 legesque
577 969 684 1069 viris;
707 1000 940 1083 operumque
954 971 1124 1059 laborem

144 1120 321 1206 Partibus,
337 1117 520 1226 aequabat·
532 1113 653 1224 justis,
672 1131 737 1195 aut
753 1113 848 1194 sorte
864 1111 1054 1198 trahebat:

143 1259 252 1346 cum
266 1257 388 1341 subito
404 1257 551 1337 Aeneas
571 1252 752 1337 concursu
768 1253 941 1335 accedere
954 1282 1101 1364 magno·

146 1395 299 1479 Anthea
319 1394 605 1506 Sergestumque
619 1392 720 1473 videt
735 1391 949 1503 fortemque
966 1395 1214 1499 Cloanthum,

145 1540 462 1645 Teucrorumque
475 1511 585 1617 alios:
607 1551 684 1617 ater
703 1561 803 1642 quos·
816 1561 975 1642 aequore
992 1539 1104 1620 turbo
1127 1563 1212 1654 515

146 1675 372 1787 Dispulerat,
387 1673 606 1786 penitusque
624 1672 713 1754 aliae
730 1691 898 1754 avexerat
915 1702 1014 1761 orare

149 1811 355 1926 Obstupuit
370 1814 482 1896 fimul
495 1813 585 1925 ipse,
604 1813 713 1894 fimul
735 1813 921 1924 perculsus
934 1815 1099 1902 Achates
1158 1892 1165 1901 .

148 1954 381 2065 Laetitiaque
398 1972 592 2064 metuque,
600 1953 698 2035 avidi
715 1955 938 2062 conjungere
948 1956 1095 2041 dextrae

148 2093 360 2183 Ardebant:
390 2092 455 2174 sed
471 2094 689 2176 resanimos
699 2090 887 2199 incognita
902 2095 1035 2180 turbat.

148 2232 409 2330 Diffimulant„
419 2251 458 2314 et
475 2233 576 2348 nube
597 2260 686 2315 cava
705 2231 938 2340 speculantur
954 2240 1095 2340 amitti,
1128 2269 1214 2354 520

148 2374 258 2480 Qae
277 2371 429 2454 fortuna
444 2374 542 2474 viria,
561 2371 805 2484 daffernquo
818 2374 924 2459 litore
941 2376 1137 2486 linquam..

147 2515 255 2622 Qid
271 2497 442 2602 veniant:
472 2518 619 2603 cunffia
637 2544 728 2601 nam
745 2515 833 2597 uui
849 2515 1143 2614 navibus-ibant,

150 2657 309 2741 Orantes
322 2660 484 2751 veniam,
501 2672 540 2735 et
561 2655 929 2763 templumclamore
945 2657 1140 2764 petebant,
1177 2723 1180 2732 .

150 2794 358 2901 Postquam
376 2793 646 2902 inuogrers1‚et
662 2818 790 2877 corarn
810 2793 1014 2905 datacopia
1032 2795 1165 2896 fandi;.

150 2935 350 3016 Maximus
368 2933 536 3024 Ilioneus
547 2934 695 3044 placido
709 2933 760 3015 fic
777 2937 925 3044 pectore
942 2937 1083 3045 coepit-r
1131 2968 1186 3052 52
1192 2970 1216 3052 ς

151 3077 191 3157 O
209 3076 349 3184 regina,
370 3102 509 3158 novam
527 3076 589 3156 oui
607 3074 767 3162 condere
787 3075 938 3184 Jupiter
952 3076 1099 3175 urbem,

152 3217 378 3330 Justitiaque
389 3216 494 3307 dedit
504 3234 631 3326 gentes
642 3216 808 3301 fraenare
823 3216 1025 3327 superbae,

117 3364 121 3374 ’
151 3359 275 3440 Troe's
291 3375 330 3439 te
346 3330 481 3456 miieri,
501 3358 618 3440 ventis
633 3356 893 3440 mariaomnia
908 3358 1018 3456 vesti,
1041 3350 1043 3352 ’

112 3520 115 3524 ·
153 3502 337 3592 Oramus:
368 3499 529 3610 prohibe
547 3499 719 3589 infandos
735 3528 757 3581 a
776 3500 931 3581 navibus
952 3501 1080 3610 ignes-3

151 3631 270 3724 Parce
286 3644 349 3751 pio
362 3644 500 3751 generi,
521 3660 559 3723 et
571 3643 723 3753 propius
740 3614 933 3751 rea-aspioe
947 3642 1098 3729 nostrae.
1133 3673 1218 3758 53⁰

154 3781 249 3861 Non
263 3810 331 3864 nos
350 3800 420 3871 aut,
431 3784 530 3865 ferro
543 3784 708 3892 Libycor
724 3781 902 3892 populare
920 3784 1076 3868 Penates

155 3923 353 4039 Venimus,
366 3944 436 4011 'aut
449 3944 568 4035 raptas
584 3926 632 4006 ad
648 3926 757 4007 litora
773 3920 911 4008 veitere
928 3927 1105 4037 praedare

155 4064 199 4153 N
201 4094 251 4146 on
267 4066 379 4147 cavis
396 4067 536 4166 animo,
553 4094 622 4148 nec
640 4084 741 4148 tanta
754 4066 924 4176 superbia
940 4069 1060 4153 vietis.
1216 4120 1219 4127 ·
1252 4115 1259 4123 ·

156 4181 231 4291 Est·
242 4207 358 4308 locus,
380 4190 602 4330 Hesperiam
620 4206 969 4325 Graii'oognomine
988 4210 1134 4308 dicunn'

393 4368 396 4374 ¹
1108 4350 1227 4432 Terra
