2948 5078
347 350 714 466 Gnoaorcrs.
759 366 893 464 Lrs.
933 365 1019 462 111.
1138 390 1204 496 93

66 568 68 579 ’
138 574 261 683 Nigra
277 568 399 654 subest
412 572 489 653 udo
502 565 649 652 tanturn
662 566 725 651 cui
739 568 866 676 lingua
878 568 1016 682 palato,
1146 622 1147 625 κ

140 716 282 824 Refice,
312 743 360 795 ne
376 710 534 795 maculis
548 711 705 793 infuscet
723 709 859 791 vellera
875 708 999 822 pullis
1121 782 1128 788 .

140 855 400 954 Nascentum3
418 855 620 966 'plenoque
633 843 752 933 alium
771 851 1016 975 circumspice
1032 876 1183 965 campo.

141 996 305 1077 Munere
319 997 369 1076 fic
390 997 499 1077 niveo
519 994 637 1091 lanae,
658 993 686 1074 {i
704 991 854 1074 credere
871 992 1031 1103 dignum
1041 992 1107 1091 est,
1120 975 1208 1104 391

142 1139 221 1228 Pan
234 1137 326 1218 deus
340 1136 521 1218 Arcadiae
534 1152 684 1245 captam
699 1152 748 1233 te,
776 1133 900 1236 Luna,
931 1132 1078 1233 fefellit,

143 1276 189 1356 In
201 1269 356 1356 nemora
367 1275 441 1356 alta
450 1273 605 1361 voscans:
636 1271 761 1355 noctu
774 1272 961 1382 aspernata
973 1275 1187 1359 vocantenu

14 1462 19 1482 ·
138 1411 206 1500 At
221 1417 283 1497 cui
300 1416 403 1496 laetis
420 1442 539 1512 amor,
570 1413 744 1525 cytisum,
776 1411 943 1523 lotosque
960 1411 1172 1525 frequentes

146 1557 229 1668 Ipse
247 1583 375 1652 manu,
407 1554 583 1665 salsasque
599 1545 693 1634 ferat
708 1553 942 1664 praesepibus
960 1533 1103 1641 herbas.
1121 1552 1217 1669 '395

148 1698 254 1782 Hinc
270 1713 308 1776 et
320 1713 448 1777 amant
459 1693 596 1779 'fluvios
607 1686 739 1805 magis,
756 1711 795 1774 et
802 1694 922 1804 tnagis
929 1693 1043 1779 ubera
1049 1694 1222 1797 tendut'tt',

147 1842 200 1921 Et
216 1839 296 1920 salis
314 1822 510 1921 occultunt
527 1833 692 1919 referunt
706 1834 747 1916 in
765 1831 866 1918 latre.
878 1829 1061 1947 saporem.
1085 1866 1089 1872 ·
1108 1904 1125 1913 ..

149 1977 268 2060 Multi
280 1978 363 2087 jam
379 1971 547 2060 exc'retos
566 1970 767 2088 prohihent
784 2003 807 2056 a
823 1976 1004 2057 matribus
1020 1973 1177 2075 hoedos,

145 2118 353 2229 ¹Primaque
366 2117 508 2202 ferratis
521 2107 730 2232 praefigunt
746 2145 811 2199 ora
829 2110 1007 2228 capistris.
1154 2113 1162 2124 ’

150 2261 269 2368 Qod
289 2260 458 2368 surgente
474 2259 536 2342 die
552 2257 711 2340 mulsere
727 2254 902 2369 horisque
916 2256 1071 2365 diurnis
1087 2324 1092 2331 .
1133 2283 1224 2368 400

151 2403 279 2484 Noste
293 2416 490 2512 premunt:
520 2374 716 2513 quod'jam
727 2399 886 2483 tenebris
898 2418 935 2481 et
951 2400 1026 2483 sole
1036 2398 1207 2519 pudente,

117 2549 121 2555 ’
138 2543 232 2625 :Sub
251 2544 378 2624 lucem
396 2561 593 2655 exportans
610 2536 764 2624 calathis
778 2530 857 2623 adit
873 2539 1012 2646 oppida
1026 2538 1164 2649 pastor,

153 2686 236 2763 Aut
249 2711 362 2792 parco
379 2681 450 2763 sale
465 2674 701 2789 contingunt,
732 2666 939 2788 hyemique
956 2667 1154 2789 reponunt.

143 2877 145 2882 ,
215 2819 303 2900 Nec
316 2819 385 2899 tibi
399 2812 641 2902 cura'canurn
655 2815 767 2896 firerit
779 2806 991 2926 'postren'raz
1022 2814 1085 2899 sed
1103 2842 1181 2897 una

155 2956 315 3038 Veloces
328 2959 476 3066 Spartae
488 2955 628 3039 catulos
644 2952 1076 3069 acremque'Moloss'um'
1112 2962 1225 3066 Ι4ος
1363 2938 1365 2943 ¹

137 3095 269 3180 -Pasce
286 3094 364 3178 sero
381 3094 524 3203 pingui.
554 3123 752 3206 nunquam
766 3095 981 3179 custodibus
996 3093 1069 3178 illis
1170 3150 1188 3177 2

158 3236 405 3319 Nocturnum
423 3232 731 3341 stabulis'surem,
761 3232 1210 3351 iocutfissqueluporumj.

160 3381 242 3460 Aut
258 3377 462 3488 impacatos
479 3405 502 3459 a
518 3350 981 3493 argumentisque„-
998 3374 1003 3385 '
1032 3404 1046 3417 ¹·
1063 3438 1068 3449 .
1201 3392 1207 3443 ἰ

145 3522 277 3629 *Saepe
294 3517 409 3599 etiam
426 3519 536 3601 cursu
551 3514 878 3631 timidos'agitabis
893 3512 1085 3632 onagros,
1118 3584 1122 3590 .
1148 3514 1179 3593 .'.
1199 3584 1205 3591 .

160 3663 213 3745 Et
231 3659 384 3741 canibus
401 3657 583 3771 leporem,
614 3661 769 3743 canibus
782 3659 962 3743 venabere
981 3658 1123 3743 damas.
1143 3650 1233 3768 4‘1'0
1371 3639 1374 3645 ⁵

162 3805 278 3914 Saepe
295 3801 495 3882 volutabris
512 3800 634 3911 pulsos
650 3801 882 3913 sylvestribus
897 3794 1005 3911 apros
1095 3872 1102 3885 .

163 3940 317 4022 Latratu
334 3940 499 4022 turbabis
516 3967 641 4051 agens,
668 3937 892 4053 nrontesque
909 3968 976 4051 per
991 3939 1084 4025 altos

165 4080 363 4188 Ingentem
381 4077 545 4163 elamore
561 4078 710 4194 premes
724 4079 772 4162 ad
785 4080 876 4170 retia
892 4107 1059 4166 cervum.

1127 4351 1243 4468 orca
1423 4388 1426 4393 .
