2948 5078
289 374 354 489 30
469 344 523 451 Ρ.
556 340 829 449 Vsnn‘snn
862 351 1148 451 Minonis

381 698 387 785 ζ
523 692 967 790 ECLOGA
1032 697 1115 791 lx.

613 858 1005 947 Monnls,

545 1106 827 1209 Lucinas,
861 1108 1096 1223 Monens.

288 1249 402 1337 Luc}
527 1246 618 1329 UO
640 1248 843 1346 thoeri,
858 1247 999 1358 pedes?
1025 1276 1086 1350 eu,
1104 1268 1183 1360 quo
1207 1248 1267 1332 vis
1282 1249 1357 1334 <1114

679 1386 744 1485 eit,
764 1387 805 1469 in
824 1387 988 1471 unbem?

216 1614 221 1621 ,
287 1526 407 1611 Mun.
437 1526 476 1606 0
493 1524 652 1634 Lycida,
673 1527 749 1610 vivi
770 1528 1008 1639 pervenimus
1019 1566 1033 1627 ;
1063 1529 1206 1612 advena
1228 1530 1356 1632 nostri,

109 1660 114 1671 “
286 1660 406 1769 Quod
421 1691 620 1773 nunquan
635 1667 937 1751 veritisnmusut
952 1667 1123 1778 poffeffor
1141 1670 1253 1780 agelli

285 1802 462 1891 Dionen
494 1802 826 1902 Heccmeasmt3
855 1824 995 1887 veteres
1011 1806 1170 1922 nsignite
1189 1808 1327 1892 coloni.

288 1942 521 2042 Nunevisti,
538 1942 669 2041 tristes,
685 1944 869 2053 quoniam
883 1944 977 2024 Fors
992 1943 1122 2025 omnia
1139 1945 1267 2045 verfit,
1329 1975 1353 2058 ς

286 2082 376 2166 Bes
391 2082 449 2165 illi
465 2083 588 2195 (quod
601 2109 671 2166 nec
682 2084 781 2165 bene
797 2082 937 2191 vertet)
948 2083 1137 2165 mittimus
1151 2081 1306 2170 hoedos.

199 2318 204 2329 ‚
289 2222 402 2307 Luc.
433 2225 545 2306 Cerse
568 2222 749 2337 equidem
767 2223 977 2326 audieram,
1004 2238 1086 2336 qun·
1101 2223 1139 2308 se
1155 2224 1358 2317 nbduoere

284 2444 287 2449 .
471 2362 586 2447 nolles

287 2502 497 2614 Incipiunt,
511 2502 693 2615 mollique
700 2505 840 2614 juguni
846 2503 1047 2585 demittere
1062 2504 1174 2602 clivo,

288 2642 422 2754 Usque
435 2644 683 2754 adaqusmet
699 2645 918 2754 veteris-jam
933 2642 1260 2726 fraenamine
1269 2644 1360 2754 fagi,

290 2784 435 2865 Omnia·
444 2784 670 2866 carminibus
684 2785 1006 2867 vestrunseruffe
1021 2783 1237 2865 Menalcan.
1306 2813 1358 2868 ιο

288 2923 413 3007 Mon.
429 2925 623 3023 Audieras,
642 2942 680 3007 et
697 2927 799 3007 fama
810 2926 894 3007 fuit.
926 2926 988 3007 sed
1001 2927 1171 3007 canmina-
1182 2934 1331 3028 tmuium

233 3098 238 3108 ·
289 3064 434 3147 Nostra
446 3064 583 3169 valent,
597 3066 755 3177 Lycida,
770 3067 843 3147 tela
861 3066 956 3147 inter
975 3064 1128 3163 Martie,
1144 3080 1330 3172 quantum

289 3201 476 3285 Chaonias
493 3203 638 3302 dicunt,
651 3205 776 3315 aquila
792 3204 972 3303 veniente,
987 3201 1196 3286 columbas.

291 3345 409 3452 Qud
430 3344 498 3422 nifi
513 3372 577 3423 me
595 3374 834 3453 quacumque
855 3371 967 3423 novas
977 3343 1138 3422 incidere
1157 3339 1238 3421 lites

291 3481 394 3560 Ante
413 3477 551 3557 finistra
563 3507 653 3558 cava
670 3479 867 3559 monuiffet
884 3480 931 3559 ab
951 3479 1035 3559 ilice
1051 3477 1197 3579 cornix,
1310 3502 1325 3555 1
1333 3504 1357 3587 ς

291 3618 379 3699 Nec
396 3636 481 3698 tuus
498 3614 562 3696 hic
573 3617 730 3717 Moeris,
747 3645 817 3698 nec
838 3619 973 3700 viveret
986 3619 1062 3728 ipse
1074 3615 1279 3697 Menalcas.

292 3761 406 3841 Luc.
438 3759 546 3841 Heu!
592 3759 690 3841 cadit
719 3761 757 3840 in
784 3788 1017 3871 quemquam
1043 3741 1193 3838 tantum
1217 3757 1362 3839 scelus?

477 3894 566 3995 heu,
591 3917 654 3979 tua
674 3897 780 3979 nobis

293 4036 415 4117 Paene
431 4033 541 4115 fimul
559 4054 686 4117 tecum
707 4037 830 4118 solatia
847 4056 960 4147 rapta,
974 4037 1177 4122 Menalca!

126 4232 130 4237 ·
294 4179 390 4291 Qis
417 4193 564 4259 caneret
585 4175 818 4287 Nymphas?
849 4178 933 4288 quis
958 4177 1124 4261 humum
1145 4174 1362 4258 florentibus

476 4316 599 4400 herbis
1137 4310 1358 4424 spargeret?
1393 4399 1394 4403 Ν
