2948 5078
392 358 758 456 ,Aruernoa
800 353 927 450 Lrn.
964 353 1026 452 11.
1164 388 1266 488 ης
1342 312 1346 322 ¹

195 565 289 646 Non
307 559 371 643 tali
392 558 543 659 auxilio,
569 583 639 640 nec
662 555 913 647 defensoribus
924 557 1002 640 istis
1063 643 1066 648 ,
1227 628 1230 635 ,
1253 599 1275 673 Ι-

196 706 369 812 Tempus
396 718 506 810 eget:
549 726 641 796 non,
686 697 715 779 fi
752 696 829 808 ipse
856 725 971 787 meus
1003 726 1106 784 nunc
1135 700 1276 795 afferet·¹

382 839 540 922 Hector.
658 890 662 895 ·

197 979 452 1063 Huctandem
469 979 659 1074 concedet
689 976 1203 1113 baccaratuebituromnesf

198 1124 285 1202 Aut
298 1121 457 1202 moriere
474 1119 598 1202 fimul.
619 1117 669 1201 fic
682 1145 747 1200 ore
756 1115 879 1218 effata,
892 1122 1030 1232 recepit

154 1240 264 1340 'Ad
274 1257 367 1356 sese
374 1276 414 1339 et
422 1257 521 1339 sacra
528 1256 758 1375 longaevum
770 1254 901 1338 insede
919 1255 1104 1341 locavit.
1165 1282 1265 1376 525
1445 1360 1448 1365 ¹

198 1399 301 1478 Ecce
312 1414 451 1494 autem
468 1396 609 1506 elapsus
627 1394 763 1505 Pyrrhi
775 1395 823 1476 de
835 1396 947 1478 erede
964 1399 1172 1500 Politen,
1278 1428 1280 1433 ’
1433 1516 1440 1530 ⁸

199 1539 312 1620 Unus
326 1554 502 1628 natorum
508 1536 667 1640 Priami,
683 1565 750 1646 per
766 1535 839 1618 tela
839 1537 1069 1648 ,perhostea

199 1679 421 1763 Porticibus
428 1677 550 1787 longit
564 1677 675 1788 fugit,
690 1694 728 1758 et
741 1705 857 1759 vacua
872 1680 961 1770 atria
973 1679 1101 1763 lustrat
1244 1734 1273 1809 '··,
1374 1693 1378 1700 '

201 1817 364 1899 Saucius.
392 1816 503 1897 illum
513 1815 644 1901 ardens
654 1814 790 1922 infesto
806 1816 957 1902 vulnere
973 1818 1137 1929 Pyrrhus
1182 1845 1276 1933 529

201 1956 449 2066 Insequitur,
434 1984 516 2066 Jam
526 1953 810 2066 jamquemanu
823 1974 937 2062 tenet,
954 1976 993 2042 et
1004 1958 1270 2069 premithastt.

201 2095 259 2175 Ut
274 2097 431 2179 tandem
440 2115 526 2181 ante
536 2096 665 2189 oculos
678 2096 790 2179 evafit
805 2114 843 2179 et
859 2125 925 2179 ora
940 2118 1150 2209 parentum,
1241 2192 1244 2201 ,
1269 2200 1274 2211 ‚

200 2234 390 2336 Concidit,
408 2265 453 2319 ac
466 2238 589 2338 multo
600 2239 718 2333 vitam
736 2265 827 2351 cum
843 2237 1021 2350 sanguine
1040 2239 1152 2327 fudit.

125 2363 127 2373 ’
201 2374 470 2488 HipPrlamue,
479 2379 744 2489 quanquamiu
756 2379 882 2461 media
885 2381 968 2488 jam
979 2402 1101 2466 morte
1109 2402 1264 2486 teuetru,

165 2573 172 2585 ,
200 2514 296 2614 Non
326 2535 453 2599 tamen
479 2519 666 2616 abstinuit,
685 2547 755 2599 nec
775 2517 872 2613 voci,
898 2517 1045 2626 iraeque
1065 2523 1253 2628 pepercit:

203 2656 259 2736 At
278 2659 346 2739 tibi
365 2687 433 2766 pro
446 2658 592 2753 scelere,
618 2655 815 2752 exclamat,
829 2682 899 2763 pro
909 2655 1042 2736 talibus
1061 2659 1153 2739 aufis
1184 2688 1237 2771 53
1244 2687 1270 2772 5

203 2794 271 2893 Di,
299 2797 327 2875 fi
356 2822 432 2903 qua
449 2793 504 2877 est
520 2793 628 2876 coelo
640 2793 766 2903 pietas,
787 2821 884 2903 quae
903 2793 988 2876 talia
1010 2814 1125 2898 curet,

202 2933 414 3015 Persolvant
430 2951 550 3043 grates
571 2935 712 3044 dignas,
727 2952 765 3015 et
774 2934 938 3045 praemia
955 2936 1111 3020 reddant

203 3074 365 3158 Debita:
397 3077 464 3186 qui
490 3078 566 3160 nati
591 3104 722 3159 coram
739 3105 803 3159 me
820 3104 968 3160 cernere
985 3076 1106 3160 letum
1260 3170 1265 3177 ,

203 3212 237 3292 F
237 3212 352 3316 cciiii,
370 3234 408 3295 et
422 3215 559 3326 patrios
571 3214 726 3297 foedasti
745 3217 876 3298 funere
888 3215 1024 3300 vultus.
1224 3326 1227 3333 Ι

205 3355 260 3433 At
275 3382 352 3447 non
365 3354 441 3453 ille,
462 3354 586 3439 satum
601 3386 678 3467 quo
695 3376 733 3440 te
750 3356 929 3459 mentiris,
953 3353 1121 3441 Achilles
1182 3385 1270 3472 540
1373 3470 1378 3484 1

205 3492 312 3575 Talis
341 3494 381 3574 in
407 3492 514 3578 hoste
530 3496 603 3578 fuit
617 3497 767 3580 Priamo
778 3538 792 3596 3
810 3496 873 3579 sed
893 3498 978 3607 jura
990 3497 1183 3608 fidemque

204 3634 387 3752 Supplicia
404 3638 563 3736 erubuit,
590 3641 800 3750 corpusque
817 3669 987 3751 exangue
1007 3640 1176 3752 sepulcro

205 3775 386 3863 Reddidit
400 3781 647 3877 Hedoreum
666 3809 804 3890 meque
826 3783 866 3861 in
883 3809 969 3864 mea
990 3810 1103 3891 regna
1122 3778 1272 3869 remifit.

206 3915 266 3996 Sic
283 3916 380 3996 fatus
397 3916 528 4015 senior,
549 3918 741 4029 telumque
759 3909 912 4003 imbelle
934 3922 1010 4003 fine
1029 3921 1108 4002 iau

206 4057 400 4164 Conjecit:
431 4086 547 4141 rauco
558 4061 663 4168 quod
675 4062 843 4170 protinus
860 4090 943 4146 aere
961 4048 1165 4173 repulsum,
1186 4091 1272 4178 545
1423 4121 1430 4129 ··

205 4197 257 4282 Et
274 4198 425 4283 summo
438 4199 561 4313 clypei
576 4203 830 4312 nequicquam
852 4206 1018 4324 umbone
1036 4206 1225 4319 pependit.

1200 4343 1276 4437 Cui
