2956 5078
339 356 436 481 22³6
532 370 583 468 P.
618 366 879 468 Vrre'rrrr
915 351 1192 466 Mn'ro'rr'ts

336 587 446 703 Quae
469 579 624 661 undem
642 563 808 659 Ausonia
820 578 993 661 Teucros
1009 575 1198 661 confidere
1216 595 1315 707 terre
1387 566 1400 636 '-

336 708 483 806 Invidia
497 717 581 802 est?
608 732 647 798 et
665 742 733 797 noe
747 714 802 799 fas
818 733 945 797 extera
963 715 1139 825 quaerere
1155 742 1284 849 regna.
1322 708 1420 834 33¹0

335 864 411 955 Me
422 860 543 1001 petris
551 855 748 957 Anchisae,
769 857 914 968 quoties
933 854 1176 941 humentibus
1188 860 1362 987 umbris

336 1004 434 1089 Nox
447 986 567 1113 operit
583 1016 695 1080 terrae
695 996 1002 1108 ,quotierastr'n
989 1024 1098 1109 rgnee
1109 993 1275 1111 surgunt
1389 1006 1396 1019 '

340 1154 567 1245 Admonet
554 1184 595 1238 m
611 1154 762 1253 somnis,
781 1173 820 1237 et
836 1154 983 1238 turbrda
992 1173 1102 1238 terret
1122 1156 1261 1268 imago.

339 1299 412 1380 Me
425 1325 518 1407 puer
538 1294 729 1393 Ascanius,
747 1294 979 1406 capitimue
969 1294 1100 1405 mjuria
1120 1292 1236 1392 chari,

339 1434 803 1555 QemregnoHesperiae
815 1436 996 1519 fraudoet
1012 1434 1184 1519 fatalibus
1197 1436 1306 1518 arvis.
1294 1466 1348 1551 ‚3
1356 1466 1418 1557 55

336 1576 458 1659 Nunc
474 1575 589 1656 etiam
601 1573 779 1713 interpres
798 1570 1370 1711 ι11νιιιιι,Ιιινιτιι111ιιει1ι1ρῶ,Ι

192 1723 194 1727 ’
339 1714 501 1798 Testor
491 1702 695 1831 utrumque
711 1710 836 1837 caput,
854 1682 990 1799 celeres'
1005 1716 1179 1798 maniiatn
1194 1736 1261 1829 per
1274 1742 1393 1800 aurae

335 1855 496 1941 Detulit
526 1852 733 1975 ipsedeum
757 1848 983 1939 manifesto
968 1882 1007 1938 m
1021 1850 1169 1954 iumine
1182 1842 1280 1937 vidi
1347 1863 1351 1871 '

335 1994 545 2111 Intrantem
560 2022 704 2096 muros,
723 2018 933 2109 vocemque
954 1976 1014 2078 his
1031 1992 1176 2078 auribus
1188 1984 1385 2081 liauss.

335 2137 475 2219 nenne
475 2164 694 2250 ,meque
655 2130 953 2249 tuleineendere
970 2122 1084 2253 teque
1101 2136 1286 2253 querelis:
1284 2144 1421 2283 369

328 2262 484 2356 Italiam
501 2304 578 2355 non
596 2276 727 2389 sponte
741 2276 940 2391 {equor
1037 2379 1050 2387 ,.

396 2410 508 2496 Talia
517 2412 706 2496 dicentem
714 2378 941 2525 jamdudum
952 2410 1073 2499 aversa
1090 2406 1224 2514 tuetur,

335 2554 431 2636 Huc
452 2520 544 2634 illuc
562 2552 714 2637 volvens
727 2544 929 2655 ocuios,
894 2544 1094 2669 totumque
1111 2542 1278 2667 pererrat
1444 2650 1447 2655 ¹

334 2694 565 2778 Luminibus
577 2693 708 2795 tacitis,
726 2712 766 2777 et
784 2694 833 2778 fic
851 2694 1002 2779 accensa
1022 2694 1258 2829 profatur:
1317 2668 1420 2827 364

333 2832 422 2916 Nec
436 2834 504 2916 tibi
518 2832 604 2913 diva
622 2862 765 2945 parens,
784 2836 925 2946 generis
939 2864 1009 2920 nec
1021 2822 1217 2919 Dardanus
1232 2822 1407 2937 eruetur,

332 2973 506 3073 Perfide3
536 2971 599 3056 sed
620 2973 721 3056 duris
734 2976 863 3085 genuit
877 2994 913 3058 te
929 2976 1098 3058 cautibus
1114 2974 1268 3056 horrens

326 3115 518 3197 ‘Cnucasus
519 3114 822 3231 ‚Hyrcanaeque
839 3117 1039 3199 admorunt
1056 3112 1215 3198 ubera'
1189 3136 1386 3243 ugres.

333 3244 442 3338 Nem
468 3252 561 3364 quid
587 3252 808 3342 diffimuloi
862 3244 939 3339 aut
951 3286 1047 3381 quae
1074 3286 1138 3338 me
1173 3254 1221 3337 ad
1262 3256 1415 3389 majora

515 3390 686 3477 reservo?

331 3532 445 3615 Num
466 3529 598 3613 fletu
586 3534 771 3642 ingemuit
787 3532 943 3618 nostro?
974 3562 1068 3615 num
1089 3518 1233 3615 lumina
1255 3530 1396 3619 flexit?

331 3671 445 3754 Num
469 3670 650 3781 lacrymas
670 3673 788 3757 vietus
816 3676 931 3773 dedlt,
968 3694 1032 3756 aut
1062 3654 1252 3755 miseratus
1273 3702 1414 3756 aman·

399 3796 403 3809 ’
513 3827 593 3890 tem
613 3809 697 3893 est?
1108 3834 1113 3845 ’
1318 3844 1412 3929 370

329 3943 440 4047 Quae
454 3938 589 4051 quibus
603 3947 832 4061 anteferam?
844 3952 1014 4060 jamjam
1029 3980 1097 4033 nec
1111 3949 1278 4030 maxima
1288 3951 1417 4057 June,

328 4078 416 4161 Nec
435 4080 623 4164 Saturnius
640 4083 733 4166 haec
754 4088 873 4170 oculis
894 4107 996 4200 pater
1018 4088 1144 4207 aspicit
1173 4090 1316 4197 aequis

327 4222 529 4379 Nusquam
546 4240 626 4312 tuta
645 4224 749 4315 fides
776 4230 941 4342 ejectum
955 4229 1075 4333 litore,
1095 4240 1273 4341 egentem

878 4393 883 4401 ·
1243 4365 1423 4479 Excepi,
