2948 5078
374 353 696 442 Aruernos
733 346 855 439 Lru
879 347 964 446 111.
1109 286 1212 475 1994

138 555 273 664 Longa
289 549 421 663 procul
443 547 563 658 longis
580 547 640 629 via
650 545 782 628 dividit
796 549 895 631 invia
907 551 1022 637 terris.

140 695 243 775 Ante
255 690 509 788 etiTrinacria
519 688 716 771 lentandus
724 716 850 772 remus
870 691 911 772 in
928 694 1042 793 unda,

138 833 191 913 Et
207 831 288 914 salis
301 831 460 915 Ausonii
475 828 709 911 lustrandum
723 830 878 912 navibus
895 861 1046 944 aequor,
1120 835 1174 948 38
1180 861 1206 948 ς

139 970 357 1080 Insernique
377 969 491 1067 lacus,
522 971 742 1078 Aeaeaeque
753 967 870 1052 insula
884 972 1024 1072 Circes,

140 1112 272 1208 Quam
289 1127 369 1224 tuto
387 1104 499 1218 postis
513 1110 649 1189 urbem
665 1136 892 1218 componere
909 1130 1015 1198 terra.
1073 1103 1076 1107 ⁴

140 1249 254 1358 Signa
266 1248 335 1328 tibi
349 1248 498 1347 dicam;
529 1265 572 1328 tu
592 1247 743 1329 condita
764 1270 891 1333 mente
907 1270 1044 1340 teneto.

140 1391 245 1469 Cum
265 1389 332 1468 tibi
343 1386 499 1469 sollicito
514 1387 640 1469 secreti
651 1388 699 1469 ad
718 1388 886 1474 fluminis
905 1396 1050 1478 undam

140 1529 300 1609 Litoreis
317 1528 447 1634 iugens
464 1529 612 1608 inventa
624 1526 691 1607 sub
708 1526 853 1610 ilicibus
864 1532 933 1630 sus,
1122 1561 1208 1643 390

141 1667 314 1776 Triginta
326 1667 495 1776 capitum
511 1665 635 1747 foetus
654 1665 776 1765 enixa,
800 1671 953 1776 jacebit,
1053 1670 1056 1674 Δ

142 1806 258 1907 Alba,
289 1806 368 1888 solo
378 1807 571 1908 recubans,
599 1804 675 1885 albi
689 1804 833 1887 circum
850 1809 964 1893 ubera
979 1810 1081 1893 natis

125 1926 180 2030 'Is
192 1945 297 2029 locus
308 1947 410 2029 urbis
423 1946 517 2043 erit;
549 1945 693 2056 requies
709 1975 752 2027 ea
767 1965 865 2029 certa
876 1948 1061 2037 laborum.

144 2088 232 2170 Nec
249 2106 294 2168 tu
304 2088 518 2169 mensarum
538 2086 680 2168 morsus
699 2085 867 2169 horresce
883 2092 1052 2176 futuros:

141 2227 176 2310 F
176 2247 236 2308 ata
251 2228 353 2308 viam
365 2228 567 2330 invenient,
580 2228 771 2338 aderitque
786 2251 936 2314 vocatos
952 2232 1108 2347 Apollo.
1125 2263 1180 2346 39
1186 2257 1211 2345 ς

144 2368 228 2451 Has
243 2388 371 2452 autem
382 2387 506 2467 terras,
538 2370 698 2482 Italique
710 2369 809 2452 hanc
829 2372 944 2455 litoris
958 2404 1078 2473 oram,

143 2511 321 2597 Proxima
336 2542 433 2624 quae
451 2514 566 2595 nostri
580 2514 815 2620 perfunditur
825 2517 993 2620 aequoris
1005 2516 1121 2613 aestu,

22 2746 25 2751 ζ
141 2651 302 2760 Effuge:
332 2654 467 2729 cuneta
486 2647 595 2728 malis
612 2646 825 2730 habitantur
845 2653 994 2731 moenia
1012 2653 1148 2736 Graiis.

145 2791 225 2870 Hic
244 2808 282 2870 et
295 2788 452 2896 Narycii
470 2786 670 2897 posuerunt
687 2789 835 2870 moenia
848 2791 974 2892 Locri,
1080 2769 1082 2772 ‚

145 2933 197 3012 Et
219 2930 422 3020 Salentinos
439 2929 583 3011 obsedit
599 2931 719 3011 milite
737 2960 892 3042 campos
1123 2966 1212 3046 400
1249 3031 1253 3041 ἱ

145 3072 302 3180 Lyctius
320 3071 570 3153 Idomeneus:
598 3070 662 3152 hic
676 3071 739 3154 illa
756 3073 862 3157 ducis
874 3076 1063 3157 Meliboei
1176 3078 1180 3085 ’

146 3216 264 3295 Parva
278 3211 506 3295 Philostetae
520 3213 677 3295 subnixa
695 3194 826 3298 Petilia
846 3244 968 3297 muro.

145 3356 265 3462 Qu,
294 3354 360 3435 ubi
374 3353 595 3436 transnuffae
609 3356 772 3437 steterint
789 3375 887 3438 trans
901 3387 1062 3468 aequora
1076 3358 1215 3465 classes,

146 3499 198 3578 Et
215 3498 339 3608 pofitis
357 3497 427 3578 aris
440 3498 522 3606 jam
538 3516 624 3579 vota
644 3499 683 3579 in
698 3499 803 3580 litore
818 3500 947 3599 solves,
1202 3517 1204 3523 '

147 3637 338 3748 Purpureo
349 3637 469 3720 velare
483 3666 611 3720 comas
624 3640 821 3751 adopertus
834 3643 976 3722 amictu
988 3682 1001 3740 3
1125 3673 1183 3752 40
1189 3672 1214 3760 ς

146 3778 212 3860 Ne
230 3778 307 3888 qua'
323 3778 417 3861 inter
431 3778 572 3860 faustos
586 3779 691 3889 ignes
710 3781 749 3860 in
766 3778 909 3862 honore
926 3781 1101 3862 deorum·

146 3917 307 4013 Hostilis
319 3916 431 4000 facies
449 3924 629 4018 occurrat,
662 3939 699 4000 et
712 3919 847 4001 ⁴omina
866 3922 1002 4008 turbet.

148 4060 267 4143 Hunc
279 4058 368 4141 socii
379 4087 528 4144 morem
541 4063 742 4164 sacrorum,
771 4061 877 4145 hunc
896 4064 971 4175 ipse
986 4081 1153 4148 tenetor·

145 4197 237 4296 -Hac
251 4199 341 4289 casti
353 4219 529 4295 moueant
541 4203 583 4287 in
594 4203 788 4312 relligione
807 4221 976 4315 nepotes.

728 4344 767 4431 0
796 4369 827 4454 4
1023 4373 1026 4376 ·
1131 4340 1215 4447 Ast,
