2948 5078
475 321 1014 415 Hieronru¹

197 521 330 606 oeulos
340 520 544 609 iniendiffe.
604 525 699 606 Non
717 519 896 630 elligitur
912 517 1118 608 audiendus
1144 517 1261 599 Scali-

197 690 276 771 ger,
302 687 396 742 cum
416 663 540 743 Cirim
555 660 660 743 illam
689 661 809 771 ipsun
837 658 1018 740 ultimum
1039 657 1112 740 elle
1135 657 1262 741 statuit

196 801 471 913 oposVirgilii,
501 804 615 884 etiam
629 801 798 883 Aeneide
810 795 1012 911 posterius.
1042 826 1260 910 quanquam

194 943 302 1023 enim
317 934 444 1024 fusum
465 944 520 1024 est
538 943 704 1025 feliciore
722 940 828 1040 vene,
871 970 989 1052 quum
1009 927 1158 1041 Culex,
1195 948 1261 1031 ia·

197 1110 290 1165 rnen
311 1086 436 1193 juoent
463 1086 502 1166 in
529 1113 576 1167 eo
608 1085 741 1182 multa,
786 1082 907 1166 multa
937 1082 1104 1183 horrent,
1142 1084 1263 1168 nitere

196 1249 315 1330 quem
343 1224 584 1330 peuciffima:
630 1252 700 1304 nec
733 1216 940 1332 aVirgilio
962 1215 1180 1324 senescente,
1224 1239 1264 1304 et
1374 1241 1375 1251 ‘

196 1388 320 1471 aequo
346 1390 473 1443 rerum
502 1356 650 1447 suarum
674 1354 904 1444 aestimatore
933 1361 1041 1444 scribi
1060 1351 1264 1446 tantilloin
1424 1414 1429 1423 -

199 1499 392 1613 poimatio
410 1500 554 1607 potuit:
599 1501 725 1607 accipe
741 1492 833 1578 dona
848 1525 919 1579 mee
936 1487 1084 1581 mullum
1099 1501 1265 1609 vigilata

201 1636 334 1738 labore,
356 1666 427 1719 nec
447 1639 652 1747 Virgilium
662 1642 856 1746 juvenem,
874 1654 913 1716 et·
927 1639 1118 1742 Bucolica,
1142 1643 1267 1722 Geor.

198 1776 294 1886 giezi,
323 1776 493 1857 Aeneida
523 1776 783 1875 meditantem,
833 1790 981 1855 tantum
1015 1777 1069 1855 rei
1099 1764 1267 1884 porticu

192 1917 274 2027 jam
287 1934 370 1997 tum
388 1919 536 2027 ¹ceperat
553 1916 733 2015 taedium,
765 1930 807 1994 ut
823 1914 861 1996 in
881 1913 956 1996 hoc
975 1924 1059 1997 tun
1066 1915 1144 2003 levi'
1151 1942 1265 2030 opere

198 2056 362 2138 delinere
379 2083 456 2137 non
474 2052 681 2137 dubitaret:
713 2054 753 2136 in
768 2082 930 2163 quojure
941 2055 1192 2139 incurrerim
1202 2055 1264 2141 reb

201 2194 382 2306 quiescere
399 2192 541 2303 Musas,
584 2211 622 2275 et
637 2194 772 2282 leuiter
784 2188 952 2277 blandum
968 2193 1081 2278 liceat
1096 2192 1266 2306 deponere

198 2364 343 2421 morem.
404 2336 528 2417 Nec
514 2339 660 2447 juvenis
686 2337 823 2446 itaque,
867 2363 937 2419 nee
956 2336 1067 2419 se‘n'ex
1084 2327 1265 2450 Virgilius

199 2477 323 2559 Cirim
339 2474 491 2586 scripfit.

260 2617 392 2698 Annus
410 2615 461 2696 U.
478 2616 526 2695 C
548 2618 648 2726 699.
668 2611 880 2725 Augustiq.
899 2612 1057 2722 Virgilii
1078 2619 1209 2701 16.

259 2754 340 2835 Cu
360 2742 596 2833 Pournrus
614 2740 897 2833 Mnouus
845 2777 883 2835 2

257 2891 320 2970 M.
334 2891 559 2971 ch1u1us
578 2893 798 2973 Cnossos
801 2918 840 2972 2

331 3025 458 3106 lrilem
499 3045 628 3134 togam
670 3016 855 3136 sumpliile
902 3027 1037 3108 dicimr
1083 3027 1263 3138 Virgilius
1387 3073 1390 3079 ·

353 3162 455 3269 apud
488 3149 862 3257 Pseudo-Donatum,
906 3147 1004 3242 anno
1031 3166 1157 3243 aetatis
1198 3197 1265 3279 ¹7·

197 3296 329 3381 iisdem
355 3295 427 3380 illis
458 3298 693 3399 Consulibus,
724 3299 861 3408 quibus
881 3315 986 3379 natue
1011 3310 1101 3384 eran
1160 3302 1265 3415 Idip-

196 3435 281 3519 sum
296 3435 459 3546 agnoscit
474 3432 647 3550 Scaliger,
682 3438 744 3520 sed
761 3437 886 3519 minus
897 3438 1136 3527 confidente.
1179 3442 1264 3526 Ne-

197 3605 272 3685 que
298 3576 401 3659 enim
427 3577 475 3659 ab
504 3571 634 3661 idibus
655 3577 882 3659 ouobribus
906 3553 1018 3688 prirni
1043 3577 1263 3694 Pompeiani

197 3713 433 3814 Consulanu,
462 3710 511 3796 ud
537 3716 626 3798 idue
643 3716 827 3799 Oiiobres
843 3707 1007 3812 secundi,
1026 3714 1029 3720 ’
1056 3716 1262 3828 completos

201 3882 317 3936 annos
346 3857 489 3965 reperio
514 3855 638 3967 plures
666 3884 783 3966 quam
809 3854 1038 3964 quindecim.
1103 3858 1140 3937 Si
1174 3844 1264 3968 ergo

201 3992 380 4103 Virgilius
396 4015 482 4107 toga
494 3995 592 4077 virili
603 3996 759 4079 donatus
783 3994 838 4076 est
868 3995 1053 4106 Pompeio
1085 4013 1122 4075 et
1138 3997 1265 4079 Cruffo

197 4135 408 4255 secundum
420 4134 520 4223 Cois.
543 4134 584 4218 id
602 4163 702 4221 anno
719 4133 868 4243 Virgilii
884 4153 948 4219 aut
965 4134 1114 4218 decimo
1133 4136 1265 4244 quinto

775 4290 857 4383 a'4
992 4270 996 4276 ’
1155 4300 1264 4355 com-
