2948 5078
186 323 189 329 ⁵
291 337 384 438 162
504 330 557 427 P.
598 333 869 454 Vinctum
905 329 1186 430 Minorem

283 529 499 617 Laocoonta
512 533 662 632 ferunt;
678 532 822 616 sucrum
832 533 901 643 qui
917 534 1072 645 cuspide
1087 537 1204 620 robur
1275 562 1362 654 23·

159 730 166 743 .
283 675 458 774 Laeserit,
475 694 514 758 er
523 694 629 788 tergo
646 675 856 759 sceleratam
870 675 1050 757 interstrit
1062 674 1233 778 hastam.v
1253 698 1259 706 ·

284 815 519 899 Ducendum
533 815 581 897 td
599 815 699 898 seder
717 811 967 911 fimulacnm,
989 815 1203 927 orandnque
1219 819 1329 903 divae

286 955 462 1039 Numina
474 954 726 1040 conclamant.

287 1099 512 1211 Dividimm
523 1126 668 1197 muros,
682 1114 720 1179 et
734 1097 884 1178 moenia
905 1097 1105 1207 pandimus
1122 1100 1237 1184 urbis.

287 1241 653 1350 Accingimtemnes
671 1236 789 1347 operi,
820 1236 1051 1349 pedibusque
1067 1257 1236 1325 rotarum
1270 1268 1322 1354 23
1333 1268 1357 1354 ς

290 1381 498 1490 subjiciunt
507 1380 643 1492 lnpsm
664 1397 703 1462 et
719 1378 849 1489 stupea
861 1380 1011 1463 vincula
1029 1383 1132 1465 collo

118 1572 121 1581 ·
288 1523 515 1607 lutenduntt
545 1521 687 1616 scandit
703 1519 823 1602 fieus
843 1518 1175 1624 maeltinamuros,

287 1662 324 1742 F
325 1680 407 1744 oeta
424 1662 551 1750 aruris,
593 1661 698 1773 putri
711 1661 856 1742 circum
868 1648 1120 1772 innuptaeque
1133 1663 1279 1776 puellae

181 1774 186 1783 .
288 1803 399 1884 Sacra
416 1801 796 1909 canunngunemquc
821 1825 939 1882 nunu
955 1803 1169 1911 contingere
1186 1803 1363 1912 gaudent.

289 1940 362 2025 Illa
378 1940 487 2043 subit,
503 1939 726 2050 modiceque
737 1939 886 2020 minans
907 1937 1070 2022 illabitur
1091 1943 1187 2024 urbi.
1271 1971 1362 2051 240

288 2082 330 2162 o
347 2081 485 2193 patriar
504 2078 676 2164 ornum
692 2079 971 2178 nomentum,
986 2098 1025 2161 et
1041 2060 1298 2191 nclye'neno

289 2218 448 2301 Moenia
463 2218 725 2301 Dardanidum
741 2221 751 2302 l
774 2222 904 2328 quater
923 2220 1002 2329 ipso
1018 2220 1065 2300 in'
1075 2220 1208 2303 limine
1224 2238 1353 2332 portae

138 2418 150 2429 -.
289 2356 467 2455 Substitit,
485 2362 601 2467 atque
615 2374 723 2438 utero
735 2356 900 2438 sonitum
918 2372 1049 2467 quater
1064 2387 1169 2441 arma
1189 2361 1336 2444 dedere.

289 2497 477 2579 Instemus
492 2515 620 2579 tamen
638 2496 885 2579 immemores
902 2500 1078 2609 'caecique
1095 2499 1234 2601 furore,

290 2637 343 2718 Et
356 2636 568 2717 monstrum
587 2634 718 2718 infelix
736 2636 872 2718 sacrata
892 2636 1051 2719 fistimus
1069 2667 1165 2723 arce.
1274 2667 1330 2746 24
1338 2669 1361 2751 ς

290 2777 406 2857 Tunc
423 2777 538 2856 etiam
554 2775 639 2856 fatis
656 2777 774 2885 aperit
787 2776 985 2857 Caiinndra
1004 2778 1139 2858 futuris
1448 2769 1452 2776 ¹

117 2970 120 2975 ,
291 2919 383 3013 Ora,
404 2917 464 2997 dei
475 2916 575 3027 juliu
592 2945 854 3026 nonunquam
872 2919 1009 2998 credita
1027 2920 1197 3000 Teucris.

291 3059 376 3140 Nos
399 3058 554 3140 delubra
575 3059 692 3139 deum
708 3059 846 3155 miseri,
876 3059 1181 3167 quibusultimus
1203 3058 1289 3139 effet

290 3197 362 3279 Ille
383 3199 473 3296 dier,
493 3197 584 3277 festa
598 3198 764 3278 velamus
781 3198 914 3278 fronde
935 3227 1001 3308 per
1020 3199 1166 3279 urbem.

354 3337 519 3417 Vertitur
533 3340 672 3417 interea
686 3339 849 3434 coelum,
865 3355 902 3417 et
921 3339 995 3417 ruit
1004 3340 1158 3418 Oceano
1169 3365 1258 3435 nox,
1277 3364 1299 3418 2
1309 3365 1366 3447 50

291 3475 487 3558 involvens
506 3477 640 3557 umbra
661 3505 798 3587 magna
815 3486 1033 3586 terramque
1046 3478 1265 3587 polumque,

291 3622 661 3730 Myrmidonumque
679 3621 811 3703 dolos:
842 3620 912 3701 fufi
932 3648 997 3728 per
1016 3622 1165 3700 moenia
1181 3619 1321 3698 Teucri

291 3763 537 3845 Conticuere:
571 3760 679 3870 sopor
694 3760 800 3843 feffos
813 3762 1073 3871 complcdtitur
1089 3780 1199 3842 artus,

293 3902 345 3981 Et
356 3902 436 4007 jam
457 3906 593 4009 Argiva
614 3901 779 4008 phalanx
800 3904 986 3985 instrudlis
1004 3907 1161 3987 navibus
1173 3905 1249 3984 ibat

295 4045 332 4121 A
351 4041 519 4135 Tened0‚
539 4040 668 4118 tacitae
687 4069 751 4148 per
763 4044 883 4122 amica
902 4046 1041 4128 filentia
1060 4047 1182 4144 lunae,
1281 4070 1303 4123 2
1311 4072 1333 4151 5
1342 4070 1365 4152 5

295 4185 422 4264 Litora
441 4199 528 4262 nota
546 4195 697 4291 petens:
719 4183 891 4267 flammas
910 4214 1002 4270 cum
1019 4191 1121 4299 regia
1141 4186 1275 4297 puppis

1149 4321 1343 4406 Extulerat
1360 4362 1373 4420 ;
