2948 5078
329 408 677 511 Bucon1cn.
711 403 857 503 Ecr..
890 398 952 502 X.
1051 473 1056 497 2
1111 430 1185 530 33.

348 751 793 851 ECLOGA
873 744 933 842 X.

449 954 833 1038 GALLUS.

165 1236 168 1241 ’
221 1217 428 1305 Xtremum
443 1210 560 1319 hunc,
598 1211 796 1315 Arethusa,
827 1207 926 1298 mihi
946 1211 1110 1311 concede
1124 1203 1182 1295 la:

337 1361 482 1445 borem.

109 1506 236 1586 Pauca
253 1529 342 1584 meo
363 1500 492 1596 Gallo,
522 1498 586 1579 sed
603 1524 699 1606 quae
716 1498 815 1606 legat
836 1499 912 1608 ipsa
925 1497 1095 1607 Lycoris,

27 1623 31 1633 .
58 1662 61 1666 “
112 1637 293 1724 Carmina
308 1639 394 1720 sunt
407 1636 578 1719 dicendo.
609 1653 720 1744 neget
730 1636 814 1745 quis
827 1638 991 1718 carmina
1009 1636 1153 1722 Gallo?

112 1783 175 1865 Sic
193 1782 277 1883 tibi,
318 1808 410 1860 cum
430 1777 566 1860 fluetus
587 1776 709 1859 subter
728 1775 852 1860 labere
872 1776 1035 1879 Sicanos,

111 1925 226 2007 Doris
243 1949 377 2005 amara
395 1919 501 2001 suam
520 1946 597 2001 non
615 1915 862 2000 intermisceat
881 1922 1038 2009 undam.
1156 1930 1190 2044 ’ς’
1348 1950 1350 1955 ’

112 2066 256 2176 Incipe.
289 2061 464 2143 sollicitos
477 2060 581 2143 Galli
595 2060 765 2142 dicamus
789 2080 946 2159 amores,

117 2207 229 2286 Dum
242 2223 368 2284 tenera
380 2203 573 2284 attondent
589 2203 702 2283 limae
717 2202 875 2310 virgulta
893 2202 1070 2316 capellae.

114 2341 209 2423 Non
227 2340 398 2422 canimus
414 2336 542 2439 surdis,
561 2339 782 2450 respondent
796 2343 924 2424 omnia
936 2341 1071 2453 sylvae.
1175 2359 1178 2372 ’

116 2482 226 2578 Quae
247 2504 413 2578 nemora,
444 2479 585 2589 autqui
605 2508 670 2561 vos
684 2478 793 2559 saltus
809 2478 985 2578 habuere,
1016 2481 1162 2591 puellae

116 2619 295 2715 Naiades,
329 2617 484 2726 indigno
501 2646 599 2700 cum
607 2616 741 2697 Gallus
759 2644 887 2697 amore
904 2620 1066 2726 periret?
1134 2652 1188 2707 ιο

117 2760 224 2841 Nam
242 2784 365 2868 neque
383 2732 545 2840 Parnaffi
560 2757 666 2837 vobis
671 2759 775 2865 juga,
802 2785 894 2839 nam
908 2786 1032 2870 neque
1049 2758 1160 2845 Pindi

118 2898 210 2980 Ulla
224 2927 374 2981 moram
391 2899 525 2996 fecere,
560 2925 683 3006 neque
701 2896 826 2980 Aonie
843 2899 1055 3012 Aganippe.
1168 2878 1189 2895 Ἥ

117 3038 234 3121 illum
256 3040 370 3120 etiam
385 3039 493 3139 lauri,
525 3038 635 3118 illum
649 3038 763 3117 etiam
783 3036 917 3119 flevere
934 3044 1109 3147 myricae.

119 3180 260 3263 Pinifer
279 3179 392 3261 illum
411 3178 525 3256 etiam
546 3176 622 3256 sola
641 3174 708 3253 sub
722 3204 814 3285 rupe
819 3179 1010 3284 jacentem

121 3321 335 3422 Maenalus,
365 3337 403 3402 et
415 3319 530 3430 gelidi
544 3316 724 3400 fleverunt
742 3319 826 3399 saxa
843 3320 993 3428 Lycaei.
1139 3349 1190 3436 ις

122 3464 226 3546 Stant
242 3482 281 3545 et
294 3490 381 3544 oves
393 3466 554 3562 circum,
582 3460 696 3541 nostri
710 3489 779 3541 nec
793 3463 956 3571 poenitet
971 3463 1070 3561 illas:

121 3602 265 3684 Necte
287 3602 639 3714 poeniteatpecoris,
671 3602 795 3683 divine
816 3613 937 3713 poeta.

124 3743 176 3822 Et
194 3743 380 3825 formosus
399 3771 486 3825 oves
499 3743 547 3823 ad
563 3740 721 3823 flumina
733 3743 835 3855 pavit
852 3746 1010 3828 Adonis.

124 3877 243 3961 Venit
254 3903 292 3963 et
304 3883 434 3994 upilio,
466 3883 561 3962 tardi
572 3907 709 3965 venere
723 3881 906 3966 bubulci:
945 3900 949 3906 “

123 4019 274 4100 Uvidus
291 4021 459 4129 hyberna
471 4023 574 4103 venit
589 4023 638 4103 de
657 4022 792 4133 glande
805 4022 1010 4107 Menalcas.
1138 4050 1194 4110 20

125 4160 286 4258 Omnes,
301 4161 400 4243 unde
417 4187 523 4244 arnor
541 4161 624 4261 iste,
639 4180 785 4271 rogant,
799 4162 893 4244 tibi?
923 4159 1025 4246 venit
1042 4162 1197 4273 Apollo.

682 4420 723 4506 D
1024 4424 1028 4434 ’
1074 4418 1200 4521 Galle,
