2948 5078
218 360 319 452 2²4
403 330 453 426 Ρ.
488 326 762 455 Vrrcrrrr
796 327 1080 438 Marones
1171 305 1174 310 ⁵

209 535 354 616 Omnia
376 549 457 615 tuta
476 533 625 621 timens.
653 531 787 612 eadem
801 533 921 647 impia
936 539 1040 623 fam
1056 543 1210 636 furenti
1289 614 1294 623 .

209 673 513 759 Detulitarmari
524 672 693 775 claffem,
706 673 933 786 cursumque
950 688 1083 791 parari.
1309 658 1312 663 .

209 813 330 894 Saevit
341 812 448 922 inops
463 813 593 908 animi,
603 828 796 921 totamque
810 815 957 900 incensa
964 849 1031 931 per
1042 829 1188 937 urbem
1210 866 1306 949 300

210 946 455 1049 bacchatur:¹
474 951 594 1061 qualis
607 954 808 1036 commotis
821 958 942 1041 excita
959 961 1067 1053 sacris
1267 1042 1274 1051 .

210 1090 358 1201 Thyas,
381 1091 449 1172 ubi
470 1093 598 1179 audito
615 1092 810 1175 stimulant
835 1097 1017 1207 trieterica
1035 1106 1201 1196 Baccho

210 1232 342 1341 Orgia,
362 1235 641 1342 nocturnusque
656 1252 766 1315 vocat
788 1235 955 1321 clamore
971 1218 1222 1341 Citlneron,

206 1373 389 1471 Tandem
403 1370 462 1453 his
476 1375 632 1455 Aenean
649 1374 851 1484 compellat
868 1380 1029 1465 vocibus.
1050 1386 1154 1473 ultro
1174 1423 1224 1476 ε..
1244 1470 1248 1475 ,

208 1509 450 1619 Diffimulare
464 1511 582 1593 etiam
593 1511 753 1627 sperasti,
775 1512 931 1623 perfide,
949 1535 1099 1608 tantum
1203 1562 1268 1646 30
1273 1562 1301 1650 ς

208 1651 317 1734 Posse
340 1652 456 1752 nefas,
477 1652 679 1763 tacitusque
704 1672 792 1738 mea
818 1655 1000 1742 decedere
1021 1673 1148 1752 terra?-
1263 1744 1267 1751 .

203 1788 251 1875 N
253 1817 296 1871 ec
309 1790 478 1885 tenoster
496 1820 616 1890 amor,
631 1820 702 1883 nec
730 1810 768 1875 te
785 1793 871 1875 data
885 1795 1038 1887 dextera
1051 1810 1281 1919 quondam,

207 1930 296 2013 Nec
309 1931 489 2013 moritura
507 1951 608 2014 tenet
626 1932 768 2014 crudeli
784 1935 915 2018 funere
936 1940 1070 2025 Dido?

207 2075 315 2181 Qin
333 2077 448 2158 etiam
467 2075 626 2158 hiberno
649 2075 793 2157 moliris
817 2075 931 2159 fidere
943 2077 1107 2179 claffem,

206 2209 260 2290 Et
278 2214 413 2295 mediis
435 2242 608 2323 properas
620 2213 860 2329 aquilonibus
872 2213 926 2322 ire
942 2242 1008 2325 per
1027 2218 1167 2321 altum,
1205 2253 1299 2341 3¹0

204 2349 404 2443 Crudelis?
435 2351 540 2457 quid,
561 2350 682 2433 finon
700 2381 783 2433 arva
808 2350 927 2434 aliena
944 2353 1152 2466 domosque

207 2489 357 2598 Ignotae
380 2509 534 2598 peteres,
555 2509 592 2570 et
606 2491 723 2596 Troja
738 2489 888 2596 antiqua
906 2512 1092 2591 nuneret3

207 2632 324 2736 Troja
346 2660 411 2741 per
431 2631 618 2712 undosum
637 2646 820 2740 peteretur
837 2627 1005 2713 claffibus
1022 2661 1161 2743 aequor
1177 2641 1191 2722 l

206 2774 326 2852 Mene
357 2773 486 2879 fugis?
517 2749 583 2881 per
615 2798 685 2879 ego
720 2769 786 2850 has
821 2769 1002 2879 lacrymas
1031 2774 1301 2892 dextramque

325 2930 444 3006 tuam,
476 2930 525 3010 te,

207 3051 371 3149 Quando
379 3053 479 3131 aliud
488 3051 668 3158 mihijam
686 3050 836 3131 miserae
844 3050 939 3133 nihil
952 3053 1026 3163 ipsa
1042 3056 1198 3166 reliqui,
1205 3093 1226 3174 3
1239 3091 1255 3144 1
1266 3096 1293 3178 5

205 3192 277 3270 Per
295 3193 481 3272 connubia
499 3192 632 3286 nostra,
647 3221 711 3300 per
727 3194 892 3300 inceptos
912 3191 1169 3301 hymenaeos,

206 3335 244 3410 Si
261 3335 356 3412 bene
370 3333 461 3439 quid
479 3335 526 3412 de
545 3353 581 3413 te
600 3335 731 3430 merui,
753 3331 824 3412 fuit
841 3352 905 3412 aut
933 3333 1001 3413 tibi
1020 3336 1239 3446 quicquam

205 3472 331 3552 Dulce
345 3501 477 3552 meum
487 3513 497 3568 ;
515 3472 683 3552 miserere
702 3474 837 3552 domus
852 3472 1018 3576 labentis,
1033 3494 1071 3552 et
1090 3475 1220 3579 istam,

204 3615 297 3708 Oro,
317 3610 343 3691 fi
362 3614 444 3720 quis
462 3610 585 3693 adhuc
603 3613 773 3722 precibus
790 3611 906 3706 locus,
923 3640 1016 3692 exue
1034 3633 1225 3700 mentem.

204 3750 264 3828 Te
273 3752 582 3860 propterLibycae
592 3752 1024 3860 gentesNomadumque
1034 3760 1186 3860 tyranni
1191 3792 1212 3871 3
1226 3790 1287 3847 20

205 3888 351 3982 Odere,
374 3891 503 3969 infenfi
523 3893 654 4000 Tyrii:
684 3911 721 3970 te
738 3910 888 3998 propter
909 3892 1072 3971 eundem

202 4002 401 4122 Eratindms
414 4032 546 4138 pudor,
569 4053 619 4130 et,
635 4061 709 4140 qua
723 4032 797 4110 sola
812 4032 925 4111 sidera
943 4034 1106 4131 adibam,

204 4172 322 4250 Fama
340 4168 466 4281 prior..
483 4173 544 4251 cui
563 4200 625 4253 me
646 4173 913 4277 moribundam
931 4173 1075 4273 deseris,
1089 4173 1271 4288 hospes?

1189 4321 1292 4407 Hoc
