2948 5078
131 397 135 409 ·
301 361 366 463 50
488 328 1175 430 P.Vtrorurerrours
1339 414 1343 422 ,

294 535 339 615 N
341 560 413 613 unc
431 559 586 644 neuram
605 531 747 640 ingenti
764 550 887 628 vento,
909 559 1010 619 nuuc
1028 531 1136 618 litora
1152 533 1344 647 plangunt.

294 653 384 752 Hoc
397 689 580 771 metuens,
594 671 687 762 coeli
705 670 848 752 menses
865 688 902 757 et
919 671 1033 758 sidera
1045 671 1165 777 serva3
1275 707 1327 792 33
1336 704 1360 789 ς

162 869 169 875 -
294 812 447 923 Frigida
465 814 611 901 Saturni
629 812 797 921 seseque
817 809 920 900 uela
933 829 1117 921 receptet:
1150 839 1152 847 ¹
1171 835 1174 842 ·

296 955 404 1062 Qos
417 935 511 1064 ignia
526 951 623 1043 coeli
636 950 828 1061 Cyllenius
845 967 940 1037 erret
953 951 1120 1036 inorbec.
1346 947 1350 951 ’

174 1075 177 1079 ⁴
296 1096 489 1208 Imprimis
501 1123 671 1186 carcerare
690 1093 791 1190 deos,
809 1111 920 1202 atque
936 1121 1059 1179 annua
1076 1106 1233 1208 magnae

298 1239 406 1327 Sacra
424 1236 521 1329 refer
532 1237 674 1332 Cerei,
692 1234 793 1321 laetis
810 1252 980 1343 operatus
999 1236 1039 1319 in
1051 1233 1189 1334 herbis,

295 1372 496 1464 Extremae
506 1374 575 1459 sub
595 1373 722 1460 casum
739 1371 899 1480 hyemis,
912 1374 993 1481 jam
1012 1385 1098 1457 'vere
1115 1375 1252 1461 sereno.
1278 1403 1364 1489 340

297 1514 408 1602 'rum
424 1512 511 1621 agni
528 1511 697 1624 pingues,
712 1530 751 1596 et
766 1529 852 1594 tum
865 1512 1080 1596 mollifi‘una
1091 1516 1200 1599 vina:

296 1654 407 1737 Tum
418 1653 540 1744 sonam
556 1653 698 1753 duleas,
717 1654 922 1762 densaeque
935 1653 976 1737 in
990 1658 1184 1750 montibus
1199 1659 1365 1743 umbrae.

296 1795 444 1884 Consta
460 1794 528 1876 tibi
545 1794 723 1877 Cererem
740 1792 858 1903 pubes
875 1795 1021 1900 agrestis
1035 1796 1184 1880 adoret:

296 1937 371 2018 Cui
388 1954 432 2019 tu
449 1935 545 2019 laete
559 1934 674 2033 favos,
693 1952 731 2015 et
751 1934 836 2016 miti
849 1933 952 2017 dilue
971 1933 1143 2035 Baccha

298 2079 453 2189 Terque
464 2103 577 2185 novar
593 2075 739 2158 circum
755 2071 848 2156 felix
856 2091 916 2155 eat
932 2071 1053 2156 hostia
1066 2075 1212 2185 frugem
1279 2103 1334 2185 34
1341 2103 1365 2186 ς

297 2218 435 2303 Omnis
445 2244 563 2326 quam
580 2213 716 2300 chorus
730 2233 768 2297 et
780 2214 868 2298 socii
884 2215 1110 2299 comitentur
1123 2233 1295 2303 ovantes:

296 2360 351 2443 Et
367 2361 541 2441 Cererem
552 2357 715 2442 elamore
734 2375 869 2439 vocent
883 2358 924 2439 in
937 2360 1054 2443 tesia:
1085 2388 1207 2468 neque
1223 2375 1307 2441 ante

296 2499 451 2586 Falcem
467 2500 619 2583 maturis
638 2497 835 2608 quisquam
855 2496 1037 2608 supponat
1048 2498 1175 2596 aristis,

166 2699 169 2704 -
297 2640 430 2744 Qum
447 2637 587 2736 Cereri,
604 2653 701 2721 torta
712 2636 903 2719 redimitus
919 2652 1088 2747 tempora
1108 2663 1261 2745 quercu,

298 2780 378 2860 Det
391 2797 517 2862 motus
533 2777 809 2888 incompositos,
832 2794 870 2859 et
886 2776 1051 2859 carmina
1069 2775 1180 2858 dicat.
1283 2806 1303 2887 3
1313 2807 1367 2890 50

278 2916 282 2927 ’
301 2921 429 3028 Atque
447 2917 540 3011 haec
559 2937 602 3000 ut
614 2920 721 3000 certis
739 2918 919 3030 poffimus
938 2918 1074 2999 discere
1101 2917 1222 3027 fignie‚

300 3061 520 3172 Aestusque‚
544 3060 770 3172 pluviasque,
789 3079 827 3149 et
844 3078 992 3169 agentes
1002 3059 1140 3169 frigora
1152 3079 1300 3159 ventos;

302 3203 385 3312 Ipse
403 3221 505 3315 pater
518 3201 654 3303 statuit,
672 3203 764 3314 quid
782 3203 971 3285 menstrua
980 3199 1070 3284 luna
1083 3222 1264 3300 moneret,

303 3348 395 3449 Qu
413 3347 517 3451 figno
534 3344 705 3425 caderent
723 3345 832 3426 austri
842 3384 855 3441 3
881 3342 973 3452 quid
986 3343 1090 3452 saepe
1104 3343 1265 3423 videntes

302 3479 500 3588 Agricolae
514 3482 665 3592 propius
684 3481 833 3563 stabulis
846 3498 1012 3564 armenta
1025 3501 1200 3563 tenerent.
1284 3512 1338 3594 35
1347 3510 1370 3595 ς

304 3621 494 3702 Continuo
511 3619 628 3701 ventis
649 3619 891 3731 surgentibuS‚
910 3641 974 3705 aut
986 3621 1079 3704 freta
1091 3623 1196 3731 ponti

306 3760 495 3867 Incipiunt
514 3759 647 3867 agitata
663 3763 878 3863 tumescere,
894 3783 931 3846 et
947 3763 1068 3845 aridus
1087 3760 1168 3843 altis

303 3899 501 3980 Montibus
513 3902 632 3980 audiri
647 3901 793 4010 fragor:
824 3923 887 3983 aut
907 3906 1110 3986 resonantia
1126 3903 1238 4015 longe

290 4039 434 4121 Litora
451 4037 608 4135 misceri,
629 4058 666 4119 et
680 4069 881 4124 nemorum
896 4045 1161 4129 increbrescere
1173 4068 1356 4164 murmur.

304 4182 392 4288 Jam
409 4178 475 4262 fibi
492 4182 708 4266 tum‘curvis
716 4183 821 4270 male'
829 4203 1011 4299 temperat
1022 4188 1124 4273 unda
1140 4185 1307 4289 carinis,3
1317 4183 1372 4260 60

1276 4321 1380 4402 Cum
