2948 5078
368 319 702 429 Aeueauoc.
746 325 1009 433 121211»
1109 358 1208 470 ⁸53
1302 434 1305 444 .

145 548 226 639 Aut
243 538 337 622 haec
351 536 391 618 in
408 536 550 621 nostros
569 531 746 615 fabricate
761 529 817 611 est
829 527 1006 622 machina
1021 556 1167 637 mucce,
1199 590 1210 626 ·.

140 683 353 794 lnspaum
371 679 518 774 domos,
536 690 765 782 vectiumque
777 671 933 782 desuper
948 672 1032 753 urbi
1044 712 1060 771 ς
1166 698 1181 767 j

141 825 223 904 Aut
232 818 364 930 aliquis
378 817 465 905 laet
478 841 592 898 error.
611 840 712 924 equo
723 839 772 895 ne
793 811 942 910 credite,
957 813 1110 905 Teucri.

142 960 335 1073 Qicquid
354 957 393 1037 id
413 955 481 1053 est,
500 957 620 1037 timeo
633 955 788 1037 Danaos
808 971 848 1033 et
864 953 965 1035 dona
982 952 1154 1047 ferentem
1200 1028 1203 1033 .

142 1105 203 1184 Sic
220 1102 331 1205 fatus,
353 1098 482 1189 validis
496 1098 689 1206 ingentem
708 1093 845 1179 vicibus
858 1092 1006 1177 hastam
1154 1114 1212 1210 50

142 1246 190 1331 Ia
204 1243 311 1343 latus,
329 1242 443 1348 inque
458 1238 528 1319 scri
540 1264 696 1325 curvam
709 1237 954 1345 compagibus
967 1236 1098 1321 alvum
1176 1266 1179 1273 ·

148 1383 349 1466 Contorfit.
380 1381 478 1460 stetit
495 1379 559 1460 illa
577 1395 752 1476 tremens,
766 1397 945 1487 uteroque
957 1378 1098 1460 remisso

144 1522 342 1635 insonuere
358 1549 468 1610 cavae
479 1519 741 1629 gemitumque
754 1518 888 1599 dedere
896 1547 1086 1607 cavernae.
1144 1605 1146 1608 Α
1205 1535 1210 1544 ’

143 1666 207 1761 Et,
225 1663 252 1744 fi
271 1663 345 1755 fata
362 1663 491 1759 deun,
507 1661 534 1743 fi
548 1688 655 1742 mens
673 1687 750 1747 non
768 1659 871 1741 laeva
879 1659 1014 1756 fuiffet,
1100 1754 1108 1775 ‚

143 1801 349 1915 Impulerat
369 1801 469 1883 ferro
485 1798 679 1908 Argolicas
691 1799 840 1885 foedare
858 1796 1036 1880 latebras:
1158 1812 1214 1910 ς,

143 1944 334 2052 Trojaque
349 1970 451 2031 nunc
465 1942 587 2041 stares,
610 1940 827 2050 Priamique
844 1968 911 2022 arx
923 1939 995 2020 alta
1007 1944 1188 2050 maneum

205 2086 321 2185 Ecce,
331 2113 463 2167 manus
471 2086 652 2194 juvenem
662 2082 889 2192 intereapost
900 2080 1219 2188 tergarevinciuui
1303 2153 1307 2162 .

142 2221 307 2304 Pastores
321 2250 460 2332 magno
478 2224 527 2303 ad
544 2250 673 2331 regem
685 2221 852 2304 clamore
868 2218 1062 2303 trahebant
1195 2240 1206 2269 ··

144 2364 407 2446 Dardanidae:
439 2365 506 2474 qui
524 2364 560 2447 se
574 2365 749 2475 ignotum
766 2364 998 2448 venientibus
1017 2361 1128 2460 ultro,
1161 2384 1217 2472 59

145 2507 236 2588 Hoc
254 2504 378 2614 ipsum
397 2526 441 2587 ut
454 2506 621 2604 strueret,
633 2510 869 2615 Troiamque
886 2507 1040 2612 aperiret
1047 2501 1218 2599 Achivis,
1351 2582 1355 2591 ,

147 2643 367 2727 Obtuleratz
387 2644 506 2725 fidens
519 2643 648 2737 animi,
663 2661 777 2751 atque
788 2645 827 2723 in
838 2658 1040 2747 utrumque
1058 2653 1218 2746 paratue,

145 2784 218 2861 Seu
235 2781 373 2864 versare
390 2780 509 2880 dolos,
532 2780 594 2862 seu
607 2798 728 2862 certae
745 2779 971 2861 occumbere
989 2776 1116 2867 morti.

145 2920 325 3027 Undique
343 2917 482 2999 visendi
502 2918 624 3000 studio
640 2922 805 3028 Trojana
813 2920 988 3027 juventus

147 3059 383 3141 Circumfusa
404 3061 490 3157 ruit,
509 3060 895 3171 certantqueilludere
912 3075 1035 3169 capto.
1198 3094 1202 3117 2

145 3206 291 3314 Accipe
308 3230 408 3284 nunc
420 3204 600 3285 Danaum
616 3203 774 3307 infidias,
789 3221 827 3283 et
838 3202 995 3302 crimine
1003 3199 1051 3281 ab
1062 3225 1139 3281 uuo
1158 3200 1183 3281 6
1190 3226 1216 3310 3

149 3344 261 3424 Disce
275 3370 418 3428 omues.
706 3344 711 3355 “

94 3570 97 3577 ,
147 3483 342 3592 Namque,
363 3499 406 3563 ut
425 3484 625 3593 conspeetu
644 3482 683 3563 in
704 3481 834 3565 medio
854 3479 1034 3576 turbatus,
1051 3477 1218 3578 inermis,

147 3625 334 3723 Constitit,
346 3643 457 3737 atque
472 3627 589 3707 oculis
600 3625 764 3734 Phrygia
772 3624 922 3733 agmina
936 3621 1218 3733 circumspexit:

145 3766 250 3865 Heu,
270 3794 366 3878 quae
398 3797 502 3850 nuuc
519 3768 641 3872 tellus,
669 3768 804 3877 inquit,
834 3795 932 3876 quae
963 3794 1030 3848 me
1059 3790 1222 3876 aequora
1280 3838 1289 3848 .

243 3980 246 3985 .
333 3905 481 4017 poffunt
1160 3910 1217 4016 69

146 4045 358 4156 Accipere?
374 4064 440 4131 aut
458 4048 576 4159 quid
560 4077 643 4158 jam
652 4048 787 4133 misero
799 4046 899 4131 mihi
915 4046 1078 4157 deuiqoe
1088 4043 1221 4129 restat?

146 4184 221 4275 Cui
234 4187 471 4303 nequeam
487 4188 811 4299 Damasusquan
827 4188 951 4284 locum
979 4185 1150 4404 etsugaec
1152 4181 1221 4403 {iffi

127 4365 130 4377 ·⁴
985 4326 1065 4406 Dar
1114 4350 1153 4403 m
1179 4350 1222 4404 aa
