2948 5078
339 359 435 436 210
525 333 574 429 P.
610 331 890 430 Vrncrrrr
926 334 1215 440 Maronrs

331 537 550 619 Clamorem
564 535 794 617 immensum
807 536 917 638 tollit,
933 568 1012 650 quo
1027 554 1165 653 potitus
1181 565 1222 641 et
1233 570 1395 641 omne.

332 677 563 760 Intremuere
578 677 712 780 undae,
733 679 952 788 penitusque
969 686 1142 782 exterrita
1161 689 1281 780 tellus
1371 738 1377 749 -1

330 815 470 916 Italiae,
501 816 694 925 curvisque
715 817 907 926 immugiit
920 824 1042 903 Aetna
1060 828 1238 911 cavernis.

331 958 387 1037 At
410 976 526 1066 genus
545 986 567 1038 e
585 957 681 1038 silvis
700 957 916 1069 Cyclopum
932 978 970 1042 et
987 967 1180 1049 montibus
1194 969 1284 1055 altis
1321 973 1425 1093 675.

330 1100 514 1184 Excitum
530 1097 605 1178 ruit
619 1099 666 1178 ad
680 1118 820 1209 portus,
851 1119 890 1180 et
908 1102 1014 1183 litora
1028 1107 1235 1217 complent.

333 1242 535 1322 Oernimus
550 1239 706 1325 astantes
724 1241 977 1350 nequicquam
991 1244 1133 1329 lumine
1146 1268 1256 1334 torvo

333 1385 521 1462 Aetnaeos
540 1380 681 1479 fratres,
701 1380 809 1463 coelo
829 1385 950 1492 capita
964 1386 1037 1466 alta
1052 1387 1222 1487 serentes,

330 1520 550 1601 Concilium
566 1519 816 1606 horrendum:
848 1526 977 1633 quales
990 1554 1081 1608 cum
1095 1530 1229 1613 vertice
1246 1530 1360 1617 celso

331 1661 466 1746 A'e‘riae
484 1686 643 1772 quercus
665 1681 729 1744 aut
748 1663 935 1746 coniferae
950 1665 1119 1775 cyparisli
1277 1759 1282 1765 ,
1324 1677 1422 1760 680

329 1803 598 1903 Constiterunt,
616 1801 705 1885 filva
723 1803 795 1885 alta
808 1805 925 1910 Jovis,
947 1805 1096 1890 lucusve
1114 1809 1272 1893 Dianae.
1382 1852 1399 1875 ·=

328 1941 553 2056 Praecipites
569 1961 692 2025 metus
710 1971 794 2025 acer
811 1944 888 2053 agit
901 1974 1127 2056 quocunque
1148 1947 1330 2030 rudentes
1399 2016 1404 2029 .

327 2086 531 2184 Excutere,
548 2105 587 2167 et
604 2085 730 2186 ventis,
740 2086 930 2168 intendere
941 2086 1022 2168 vela
1037 2086 1216 2172 secundis.

299 2250 301 2253 ·
328 2228 471 2307 Contra
482 2227 578 2335 jussa
608 2245 767 2309 monent
792 2226 945 2325 Heleni,
965 2228 1130 2339 Scyllam
1154 2247 1269 2338 atque
1298 2229 1417 2315 Cha-

514 2365 667 2474 rybdim
759 2376 764 2389 “
1401 2390 1405 2395 ·

324 2502 429 2588 Inter
451 2522 648 2614 utramque
670 2504 783 2604 viam,
800 2502 891 2586 lethi
916 2505 1124 2588 discrimine
1142 2534 1271 2616 parvo,
1308 2513 1374 2594 68
1384 2533 1407 2623 ς

324 2647 382 2729 Ni
397 2665 544 2727 teneant
556 2646 681 2728 cursus
696 2678 706 2728 z
735 2667 881 2728 certum
900 2646 954 2727 est
967 2648 1053 2729 dare
1068 2647 1178 2728 lintea
1189 2668 1304 2732 retro.

326 2791 428 2871 Ecce
447 2809 572 2870 autem
593 2791 721 2869 boreas
747 2790 900 2897 angusta
923 2791 969 2869 ab
987 2791 1070 2871 sede
1095 2791 1217 2872 Pelori

325 2930 463 3013 Missus
479 2933 592 3012 adest.
619 2933 705 3011 vivo
716 2931 973 3039 praetervehor
997 2934 1088 3014 ostia
1103 2934 1188 3013 saxo

220 3157 222 3159 ‚
328 3068 536 3180 Pantagiae,
552 3071 801 3180 Megarosque
820 3072 928 3167 finus,
938 3073 1183 3180 Tapsumque
1196 3072 1408 3179 jacentem,

328 3211 438 3291 Talia
456 3212 682 3292 monstrabat
700 3212 863 3319 relegens
881 3231 995 3291 errata
1016 3213 1215 3293 retrorsum
1315 3225 1407 3324 690

328 3355 456 3435 Litora
479 3353 791 3449 Achaemenides,
811 3383 936 3434 comes
954 3353 1110 3434 infelicis
1136 3350 1288 3461 Ulyslei.

208 3552 212 3561 ·
328 3497 474 3576 Sicanio
493 3515 678 3604 praetenta
689 3497 770 3575 sinu
783 3495 879 3602 jacet
893 3494 1008 3576 insula
1023 3513 1150 3574 contra

327 3633 604 3742 Plemmyrium
622 3635 832 3716 undosum:
864 3662 1003 3713 nomen
1025 3634 1149 3712 dixere
1168 3631 1308 3740 priores

329 3775 539 3880 Ortygiam.
573 3772 769 3883 Alpheum
787 3774 888 3854 fama
906 3773 959 3852 est
980 3772 1055 3851 huc
1075 3772 1192 3851 Elidis
1213 3799 1388 3870 amnem,

329 3914 505 3991 Occultos
526 3913 635 4017 egisse
653 3913 728 3993 vias
748 3914 870 3991 subter
888 3939 1017 4008 mare3
1046 3912 1111 4019 qui
1130 3937 1231 3987 nunc
1310 3918 1369 4022 69
1378 3942 1402 4024 5

330 4057 421 4150 Ore,
436 4049 631 4145 Arethusa,
651 4069 716 4129 tuo
737 4048 870 4128 Siculis
884 4049 1124 4130 confunditur
1137 4048 1257 4129 undis.

327 4195 421 4303 Jutlr
440 4191 596 4274 numina
613 4215 750 4296 magna
776 4188 850 4272 loci
878 4217 1122 4276 veneramur:
1156 4208 1192 4272 et
1210 4189 1299 4267 inde

1204 4327 1409 4441 Exsupero
