2948 5078
203 414 272 473 ·.
353 333 1006 439 GronorcA.L1n.Ill.
1149 344 1265 485 89*

144 543 324 643 Pastores,
355 543 501 625 lentum
517 537 668 621 distillat
686 536 735 619 ab
751 537 904 649 inguine
924 541 1037 626 virus.

145 689 419 799 Hippomanes,
435 681 556 791 quod
572 680 678 791 saepe
695 678 816 761 malae
831 679 952 790 legere
965 666 1177 785 novercae,
1222 732 1225 739 ·

146 826 457 933 Miscuenmtque
473 821 621 918 herbas,
652 837 691 901 et
707 847 785 902 non
799 819 953 904 innoxia
968 819 1094 910 verba.

52 1051 58 1064 ,
148 964 221 1047 Sed
239 964 503 1074 sugit—interea,
534 960 634 1070 fugit
651 958 888 1069 irreparabile
906 974 1074 1075 ternpus,

149 1104 301 1217 Singula
317 1104 413 1186 dum
431 1102 531 1212 capti
549 1102 889 1183 circumvectamur
907 1131 1047 1190 amore.
1062 1112 1066 1120 '
1134 1092 1221 1220 285

210 1245 301 1327 Hoc
319 1243 401 1324 satis
418 1241 605 1322 armentis.
635 1239 779 1350 superat
796 1269 879 1351 pars
891 1237 1004 1325 altera
1021 1270 1144 1347 curae,

148 1383 353 1493 Lanigeros
372 1382 508 1491 agitare
519 1406 670 1490 greges,
701 1378 888 1491 hirtasque
908 1382 1079 1493 capellas.
1175 1387 1199 1420 ²

150 1522 232 1606 Hic
249 1521 379 1619 labor,
410 1517 501 1600 hinc
519 1519 671 1600 laudem
688 1516 802 1599 fortes
819 1520 958 1630 sperate
975 1520 1114 1607 coloni.
1208 1524 1211 1532 ’

151 1665 240 1747 Nec
255 1661 339 1743 sum
351 1656 630 1757 animidubins,
661 1657 784 1740 verbis
797 1660 1216 1774 eavinceremagnum

152 1804 386 1916 Qamfit,et
395 1801 558 1911 angustis
566 1799 670 1880 hunc
678 1793 1225 1920 addererebushonorem.2po

152 1945 226 2026 Sed
244 1973 307 2026 me
326 1943 488 2026 Parnassi
506 1941 644 2025 deserta
661 1969 727 2053 per
745 1943 859 2024 ardua
876 1942 996 2027 dulcis
1211 1965 1223 1977 ”

152 2089 293 2197 Raptae
309 2115 437 2168 amor:
464 2086 570 2195 juvat
587 2085 639 2165 ire
650 2084 763 2192 jugis,
791 2111 866 2191 qua
877 2083 980 2165 nulla
999 2083 1170 2196 priorum
1218 2158 1222 2165 .

154 2225 355 2307 Castaliam
374 2224 483 2307 molli
496 2225 696 2306 devertitur
712 2222 832 2303 orbita
845 2222 955 2307 clivo.
984 2242 987 2251 '
1116 2260 1118 2264 ·

154 2367 287 2465 Nunc,
306 2367 511 2449 veneranda
523 2365 641 2467 Pales,
659 2395 799 2479 magno
816 2396 918 2451 nunc
930 2397 995 2451 ore
1007 2364 1232 2463 sonandum,

12 2559 14 2563 <
155 2508 341 2618 Incipiens
360 2508 511 2593 stabulis
528 2509 668 2593 edico
657 2539 697 2590 m
714 2507 893 2590 mollibus
903 2507 1063 2591 herbam
1128 2529 1197 2622 29
1203 2538 1235 2623 ς,

155 2649 316 2758 Carpere
333 2674 432 2746 oveS,
461 2647 557 2729 dum
569 2672 663 2726 mox
676 2641 1233 2726 frondosareducituraestasr·

155 2789 208 2869 Et
223 2788 343 2869 multa
358 2788 494 2868 duram
511 2784 645 2896 stipula
657 2785 878 2893 filicumque
895 2784 1069 2896 maniplis

157 2928 324 3006 Sternere
343 2926 465 3007 subter
482 2925 664 3023 humum,
695 2924 829 3035 glacies
846 2953 894 3008 ne
912 2927 1048 3038 frigida
1064 2929 1187 3012 laedat
1231 3012 1237 3023 ,

157 3062 283 3148 Molle
299 3088 425 3173 pecus,
443 3061 679 3173 scabiemque
699 3062 805 3167 serat,
824 3065 1023 3176 turpesque
1038 3069 1231 3178 podagrae,

158 3205 260 3301 Post,
287 3201 378 3284 hinc
395 3200 584 3312 digressus,
609 3202 727 3311 jubeo
738 3202 949 3286 frondentia
959 3206 1079 3316 capris
1142 3233 1230 3318 300

159 3348 307 3428 Arbuta
323 3343 503 3447 sufficere,
535 3361 574 3426 et
591 3343 726 3426 fluvios
741 3346 915 3457 praebere
931 3366 1122 3449 recentes,
1217 3433 1222 3441 ,

158 3490 211 3570 Et
224 3484 365 3569 stabula
381 3512 404 3565 a
421 3485 539 3566 ventis
557 3483 729 3596 hyberno
746 3514 937 3622 opponere
953 3487 1053 3570 soli
1164 3508 1167 3513 ’
1218 3572 1223 3581 ,

158 3626 226 3715 nd
241 3629 416 3711 medium
432 3627 607 3709 conversa
622 3626 750 3727 diem,
781 3653 873 3710 cum
894 3626 1051 3740 frigidus
1069 3630 1165 3714 olim

161 3770 251 3878 Jam
264 3770 375 3868 cadit,
403 3785 648 3878 extremoque
667 3768 797 3851 irrorat
812 3769 984 3880 aquarius
1002 3798 1115 3859 anno.
1201 3790 1237 3867 ’ζ

161 3909 247 3990 Hae
264 3934 415 4018 quoque
433 3935 511 3989 non
525 3934 614 3989 cura
624 3908 733 3990 nobrs
741 3907 880 3993 lentore
892 3911 1066 4013 tuendae,
1104 3926 1108 3933 '
1144 3940 1202 4029 30
1206 3924 1242 4031 ς’

160 4048 249 4132 Nec
266 4048 391 4128 minor
407 4047 493 4129 usus
504 4050 573 4132 erit
585 4080 597 4134 s
611 4068 615 4081 '
630 4050 802 4161 quamvis
815 4051 963 4134 Milesia
975 4052 1117 4166 magno
1220 4132 1224 4139 .

160 4186 312 4287 Vellera
328 4203 543 4294 mutentur,
564 4189 705 4308 Tyrios
718 4191 867 4283 incocta
886 4186 1051 4283 rubores.

1076 4320 1235 4414 Denlior
1276 4349 1281 4355 ·
