2948 5078
315 376 370 471 Ρ.
403 373 736 472 VIRGILII
770 371 1125 470 MARONIS
1299 434 1302 441 -

275 600 1347 827 uisrouiu'

196 978 642 1061 DESCRIPTA
683 975 1256 1077 PERCONSULES,

316 1241 361 1318 A
398 1240 686 1322 CAROLO
732 1238 988 1320 RUAEO
1031 1236 1135 1345 uJ.

261 1561 392 1640 Annus
413 1563 464 1642 U.
486 1563 534 1644 C.
558 1561 656 1666 684.
672 1560 829 1668 Virgilii
851 1592 883 1646 1.

261 1696 341 1780 Cu.
364 1698 603 1779 pommus
622 1697 831 1780 Misius
860 1729 896 1782 1.

259 1834 322 1918 M.
354 1838 574 1918 Lic1u1us
595 1839 800 1919 cnissis
829 1869 864 1923 1.

192 2014 196 2019 ·
295 1975 527 2054 UBLIUS
556 1975 733 2084 Virgilius
759 1976 873 2058 Maro
890 1975 1049 2058 nascitur
1074 1978 1114 2068 in
1141 1978 1261 2090 Pago,

315 2113 377 2191 cui
395 2139 534 2194 nomen
548 2109 681 2208 Andes,
700 2112 766 2222 qui
783 2129 837 2193 ter
849 2113 954 2194 mille
966 2114 1125 2222 paffibus
1142 2115 1261 2201 Man-

198 2256 264 2324 tua
277 2246 404 2347 distat3
437 2251 565 2332 Idibus
579 2250 765 2348 Oiiobris,
797 2252 863 2361 qui
876 2251 954 2332 dies
971 2252 1024 2333 est
1038 2253 1137 2335 illius
1150 2283 1261 2339 men·

199 2384 246 2465 fis
259 2387 425 2468 decimus
443 2392 606 2498 quintus.
638 2390 695 2469 Ita
711 2391 806 2469 vitae
817 2389 985 2499 scriptun
1012 2391 1070 2470 Ita
1087 2391 1260 2503 Phlegon

197 2528 298 2634 apud
318 2526 515 2612 Photium:
545 2520 753 2638 Ou’rgyluu»
770 2520 897 2635 Μάρων
918 2521 1085 2621 ὅτοοῖἶῆς
1111 2522 1260 2628 ἷγεννῆθο

198 2656 289 2741 viru
309 2657 355 2741 ri
378 2655 454 2752 ’ἔτος
479 2657 573 2751 eiioir
595 2656 813 2774 OxluCgiour·
869 2660 1050 2768 Virgilius
1064 2666 1179 2745 Maro
1189 2683 1260 2775 ρο.

196 2809 259 2880 'c'ta
277 2818 386 2883 natus
412 2800 540 2906 isthoc
570 2802 640 2910 ipso
658 2828 764 2900 anno,
818 2797 942 2880 Idibus
960 2798 1138 2893 ouobris.
1200 2807 1259 2890 Ita

196 2940 380 3020 Martialis
392 2942 521 3050 Epigr.
542 2941 607 3025 lib.
634 2969 699 3053 ¹.²·
723 2943 793 3024 68.
825 2917 994 3020 Oiiobres
1008 2941 1122 3023 Maro
1139 2941 1259 3052 conse-

198 3076 329 3158 cravit
352 3074 448 3160 idus.
478 3079 629 3158 Patrem
656 3077 801 3172 habuit,
849 3104 898 3155 ex
929 3076 1261 3178 Pseudo-Donato,·

198 3215 428 3310 Maronem
459 3240 508 3293 ex
525 3214 662 3309 Probo,
693 3210 916 3317 Virgilium:
945 3227 1118 3309 matrem,
1154 3216 1260 3296 Mai-

200 3380 276 3432 am.
341 3354 460 3447 Pater,
492 3376 541 3431 ex
559 3351 695 3444 Servio,
726 3347 815 3427 civis
834 3344 1064 3429 Mantuanus
1073 3347 1145 3429 fuit
1156 3389 1170 3448 ;
1210 3378 1260 3433 ex

196 3493 334 3591 Probe,
343 3490 497 3572 rusticus
504 3531 516 3589 3
545 3519 595 3571 ex
605 3490 696 3588 aliis,
706 3485 835 3598 opifex
847 3472 1013 3594 figulu85'
1035 3514 1082 3567 ex
1094 3489 1257 3571 Pseudo·

199 3632 364 3727 Donato,
396 3630 654 3727 mercenarius,
693 3657 714 3710 a
732 3627 857 3707 socero
874 3623 984 3706 Maio
999 3627 1171 3735 gregibus
1186 3658 1255 3711 cu·

198 3770 320 3849 randis
333 3786 370 3848 et
381 3770 434 3849 rei
451 3768 605 3848 rusticae
622 3765 837 3876 praesciius.

199 3974 201 3979 .
262 3906 408 4012 Majum
425 3909 548 4007 illum,
586 3935 701 3989 avum
714 3904 876 4014 Virgilii,
920 3905 1147 4015 exemplaria
1157 3907 1253 3989 vitae

130 4076 133 4079 ·
200 4049 329 4131 omnia
341 4051 496 4156 Magum
513 4066 658 4133 vocant.
705 4049 761 4126 At
779 4072 871 4126 cum
888 4042 964 4150 ejus
979 4043 1068 4145 filia,
1107 4047 1256 4158 Virgilii

199 4207 332 4295 mater,
347 4191 454 4300 juxta
470 4215 602 4276 omnes
623 4187 736 4270 Maia
751 4181 923 4295 diuafiu
952 4186 1108 4267 omnino
1126 4186 1254 4266 Maiae

785 4353 808 4404 a
1156 4332 1259 4432 piter
