2948 5078
352 343 690 475 Buconica.
726 315 858 436 Ee'r.
885 343 994 441 VII.-
1147 378 1208 495 ²3.

138 551 232 639 Huc
249 545 315 658 ipii
335 564 469 656 potum
486 544 633 625 venient
651 571 717 653 per
733 543 1021 654 pratajuvenci:

139 688 219 771 Hic
236 684 360 771 viridis
378 701 502 768 tenera
518 683 697 794 praetexit
716 683 898 765 arundine
918 682 1016 799 ripas

137 800 318 927 Mincitd,
330 853 427 934 eque
436 824 535 907 sacra
547 822 716 907 resonant
727 802 900 906 examina
909 852 1067 935 quercu.
1084 934 1087 939 Ι

137 969 242 1073 Qid
260 967 424 1053 facerem
438 971 454 1050 i
484 993 606 1075 neque
623 990 695 1073 ego
711 962 915 1075 Alcippen,
941 992 1012 1048 nec
1029 959 1206 1073 Phyllida

318 1107 519 1205 habebam,

137 1244 321 1358 Depulsos
342 1245 469 1326 aladte
488 1247 595 1327 domi
611 1273 706 1355 quae
720 1245 908 1327 clauderet
922 1275 1057 1356 agnos:
1152 1267 1169 1323 1
1177 1266 1203 1354 ς

52 1402 55 1407 ’
136 1388 188 1473 Et
198 1403 386 1467 certamen
399 1405 489 1485 erat,
501 1386 679 1494 Corydon
688 1410 779 1466 cum
793 1385 994 1496 Thyrsrde‚
1007 1364 1208 1496 magnum}

138 1520 343 1605 Posthabui
360 1542 488 1605 tamen
507 1526 660 1605 iliorum
680 1553 766 1604 mea
784 1526 872 1604 seria
888 1526 991 1612 ludu.
1208 1504 1212 1511 ¹

139 1659 303 1743 Alternis
322 1662 435 1770 igitur
454 1661 676 1742 contendere
693 1661 853 1741 verfibus
864 1663 978 1745 ambo
1090 1760 1092 1764 ¹

135 1801 322 1912 Coepere:
354 1801 511 1883 alternos
531 1800 665 1882 Musae
678 1801 886 1885 meminiffe
899 1803 1104 1888 volebant.‘

135 1941 221 2023 Hos
242 1941 433 2051 Corydon,
452 1941 534 2027 illos
552 1941 732 2023 referebat
747 1940 786 2022 in
805 1940 933 2022 ordine
951 1942 1121 2053 Thyrfin
1145 1971 1201 2028 ao

137 2082 241 2164 Con.
271 2079 494 2192 Nymphae,
527 2082 649 2164 noster
680 2107 801 2184 amor,
829 2081 1091 2167 Libethrides:
1140 2098 1203 2165 aut

320 2222 420 2303 mihi
437 2251 599 2322 carmen,

138 2362 261 2469 Qale
278 2389 366 2443 meo
386 2364 526 2464 Codro,
545 2364 760 2447 concedite:
791 2365 963 2475 proxima
976 2365 1123 2447 Phoebi

137 2501 311 2583 Verfibus
329 2502 392 2585 ille
408 2503 520 2587 facit:
553 2523 628 2602 aut,
647 2505 675 2585 fi
694 2534 771 2586 non
788 2502 976 2612 possumus
995 2534 1142 2607 omnes,

136 2641 214 2722 Hic
231 2662 359 2750 arguta
375 2643 472 2725 sacra
487 2643 663 2754 pendebit
680 2641 802 2721 fistula
814 2642 917 2750 pinu.

135 2781 446 2892 TurrPa'stores,
460 2783 596 2867 hedera
609 2780 833 2864 crescentem
841 2800 967 2864 ornate
978 2790 1164 2894 po'e'tama
1172 2808 1197 2901 ς

137 2919 314 3019 Arcades,
333 2921 469 3004 invidia
486 2940 707 3031 rumpantur
724 2922 841 3005 utilia
858 2923 998 3007 Codro.
1037 2946 1040 2953 '

137 3061 229 3158 Aut,
247 3060 275 3141 sr
292 3059 386 3143 ultra
401 3061 581 3171 placitum
600 3062 767 3160 laudarit,
788 3063 942 3143 baccare
954 3063 1118 3142 frontem
1197 3134 1200 3139 .

19 3190 27 3306 J
138 3201 297 3308 Cingite,
311 3230 359 3284 ne
380 3203 453 3283 vati
472 3220 603 3282 noceat
618 3199 716 3278 mala
733 3200 861 3307 lingua
877 3198 1015 3280 futtuo.
1175 3258 1181 3271 .

138 3341 246 3426 Con.
279 3341 393 3423 Setosr
411 3361 521 3453 caput
540 3340 614 3421 hoc
634 3339 712 3449 apri
731 3337 810 3435 tibi,
828 3336 948 3434 Delia,
967 3325 1110 3447 parvus*

139 3482 188 3563 Et
204 3482 347 3563 ramosa
365 3483 514 3593 Mycon
526 3481 661 3565 vivacis
673 3509 812 3562 cornua
829 3480 941 3564 cervi.
1141 3504 1197 3588 30

138 3622 175 3699 Si
186 3622 380 3733 proprium
395 3622 469 3706 hoc
485 3622 606 3721 fuerit,
622 3621 694 3701 levi
712 3621 758 3702 de
771 3648 957 3701 marmore
975 3636 1051 3699 tota

140 3756 305 3843 Puniceo
323 3758 433 3843 stabis
447 3761 546 3843 suras
558 3759 702 3840 evindia
715 3756 913 3840 cothurno.

139 3897 260 3983 Tur.
292 3901 427 3984 Sinum
449 3903 565 4000 laetis,
582 3918 621 3983 et
636 3898 728 3983 haec
746 3919 782 3981 te
809 3900 899 4001 liba,
923 3899 1068 4008 Priape,
1092 3913 1203 4009 quot·
1345 3925 1350 3933 ·

321 4053 426 4108 amus
569 4048 573 4054 .

134 4163 346 4279 Expectart
365 4165 417 4255 sat
431 4164 514 4259 est:
539 4165 660 4257 custtu
673 4194 712 4249 es
729 4166 898 4279 pauperis
912 4161 1023 4248 horti.

632 4306 669 4389 C
696 4336 724 4416 4
1099 4292 1218 4376 Nunc
