2948 5078
454 346 786 434 Aauarnoa·
831 339 951 431 Lan.
986 320 1024 431 s.
1183 350 1280 466 ¹33

210 544 299 627 Post
311 560 460 654 tergum
470 542 589 640 nodis,
606 539 743 622 fremet
756 536 929 621 horridus
942 566 1005 620 ore
1014 547 1183 625 cruento.
1194 560 1282 652 pon

155 670 157 674 ⁵
209 687 323 783 Haec,
337 687 400 784 ait,
433 702 470 767 et
482 685 589 793 Maja
606 681 777 790 genitum
794 681 960 764 demittit
973 682 1026 762 ab
1045 679 1146 764 nitor

214 821 268 910 Ut
283 846 410 925 terrae,
442 844 559 936 utque
576 848 693 906 novae
711 838 859 933 pateant
875 821 1110 933 Carthaginis
1122 828 1223 908 arcet

207 967 385 1079 Hospitio
398 966 582 1047 Teucris:
612 991 661 1047 ne
678 963 745 1044 fati
762 961 882 1044 nescia
894 961 999 1044 Dido

205 1105 362 1189 Finibus
380 1121 531 1189 arceret.
561 1102 662 1184 volat
678 1101 741 1183 iile
759 1128 826 1212 per
842 1108 925 1185 aira
946 1111 1131 1214 magnum

206 1245 387 1355 Remigio
403 1245 560 1343 marum,
590 1270 635 1324 ac
654 1241 798 1350 Libyae
814 1242 910 1323 citus
926 1242 1065 1326 adstitit
1080 1242 1166 1327 oris.
1191 1250 1246 1357 36
1252 1240 1278 1358 ς’

204 1378 258 1467 Et
271 1390 353 1496 jam
363 1387 458 1496 jussa
475 1385 585 1470 facita
615 1404 835 1496 ponuntque
852 1386 990 1470 ferocia
1001 1387 1120 1470 Poeni

205 1526 344 1621 Corda,
375 1525 521 1606 volente
540 1525 623 1605 deo.
656 1523 839 1631 inprimis
854 1526 1168 1636 reginaquietunt

206 1667 358 1777 Accipit
371 1668 410 1746 in
422 1668 593 1747 Teucros
609 1665 782 1744 animum
800 1683 1043 1772 mentemque
1060 1664 1279 1776 benignam

267 1809 323 1888 At
340 1808 423 1918 pius
434 1810 594 1905 Aeneam
616 1808 851 1917 pernoctem
869 1803 1032 1915 plurima
1048 1803 1213 1906 votvm,

204 1947 261 2028 Ut
272 1949 442 2058 primum
459 1948 527 2029 lux
541 1946 641 2028 alma
654 1945 739 2027 data
752 1945 818 2045 est,
846 1947 961 2046 exir'e,
988 1945 1162 2058 lucosque
1195 1948 1291 2059 μᾶΙ

203 2089 408 2200 Explorate·
422 2117 551 2188 novos,
575 2115 666 2197 quas
679 2105 791 2167 vento
804 2087 987 2169 accesserit
999 2114 1080 2168 oras
1091 2127 1104 2186 3

203 2228 282 2328 Qui
299 2246 447 2310 teneant
463 2232 572 2339 (nam
585 2224 723 2306 inculta
734 2224 853 2333 videt)
868 2224 1099 2328 hominesne,
1115 2224 1276 2325 serame,

202 2367 610 2478 Quaerereconstituit,
639 2366 818 2482 sociisque
837 2375 966 2451 exacta
983 2370 1131 2487 referre.

202 2509 364 2593 Classem
383 2512 421 2592 in
439 2538 608 2593 convexo
626 2537 856 2610 memorum,
879 2510 945 2588 sub
962 2537 1054 2619 rupe
1072 2528 1213 2610 cavata,

202 2651 411 2733 Arboribus
432 2650 594 2729 clausam
624 2649 768 2728 circum
790 2663 902 2755 atque
926 2645 1162 2726 horrentibus
1185 2660 1274 2725 urn-

263 2787 351 2881 bris‚
1184 2811 1270 2897 3¹5

203 2923 381 3004 Occulit:
410 2924 487 3034 ipse
503 2950 581 3004 uno
598 2922 762 3031 graditur
779 2921 977 3031 comitatus
996 2921 1155 3024 Achate,

199 3063 292 3143 Bina
308 3090 424 3143 manu
442 3061 516 3142 lato
534 3063 697 3172 crispans
717 3059 861 3142 hastilia
879 3062 989 3149 seno.

199 3203 273 3282 Cui
294 3216 413 3283 mater
426 3200 551 3281 media
569 3201 640 3282 sese
661 3202 746 3281 tulit
765 3200 875 3281 obvia
890 3200 1003 3309 sylva,

201 3343 367 3452 Virginis
383 3370 425 3424 oa
442 3341 690 3455 habitumque
708 3368 850 3453 gerens,
881 3361 919 3423 et
939 3344 1090 3453 virginis
1106 3354 1209 3426 arma

198 3484 393 3592 Spartanae
410 3516 421 3567 ε
449 3482 507 3565 vel
526 3483 645 3593 qualia
662 3509 779 3594 equos
796 3479 972 3565 Threissa
988 3481 1117 3595 fatigat
1180 3512 1271 3596 320·

199 3619 426 3733 Harpaiyce‚
440 3623 709 3730 volucremque
721 3621 812 3731 fuga
824 3622 1065 3732 praevertitur
1078 3622 1269 3710 Hebrum.

197 3760 379 3873 Namque
410 3761 578 3845 hunneria
612 3763 661 3845 de
695 3789 801 3844 more
836 3760 1004 3844 habilem
1038 3764 1270 3875 suspenderat

259 3928 391 3985 arcum

196 4040 407 4146 Venatrix','
426 4043 651 4155 deduntque
664 4052 817 4125 comam
829 4036 1038 4125 diffindere
1050 4047 1195 4145 ventis‘3

195 4184 312 4267 Nuda
324 4186 436 4297 gena,
461 4167 638 4299 nodoque
656 4181 922 4308 finuecoiletn
935 4182 1102 4271 fluentes.
1179 4210 1269 4298 324

750 4322 792 4405 K
813 4353 843 4431 4
1210 4314 1273 4401 Ac
1319 4406 1322 4412 .
