2948 5078
375 320 707 434 Auunrnos.
749 336 872 431 Lrn.
907 334 967 432 11.
1103 340 1202 472 183

131 543 227 627 Fae:
254 558 320 624 aut
335 538 399 623 ille
417 541 501 621 finit
515 538 634 647 superi
651 557 823 650 regnator
836 538 1008 650 Olympi.
1111 568 1200 658 779
1300 606 1305 617 .

131 682 267 789 Longa
275 679 345 760 tibi
361 677 485 777 exilia,
503 695 541 758 et
554 676 700 758 vastum
718 679 832 759 maris
843 706 983 786 aequor
994 680 1190 764 arandum.

132 820 199 900 Ad
212 839 348 903 terram
363 818 585 930 Hesperiam
598 819 736 921 venies,
748 820 817 901 rabi
829 817 987 932 Irydius,
1000 848 1086 904 arva

133 959 235 1042 Inter
251 962 381 1072 opima
391 961 528 1057 virum,
547 957 624 1041 leni
637 958 719 1040 fluit
732 961 883 1070 agmine
900 959 1052 1068 Tybria

46 1161 48 1164 >
132 1100 216 1185 mic
229 1117 288 1185 rea
301 1101 432 1198 laetae,
451 1114 703 1212 regnumque,
714 1119 752 1185 ut
771 1101 872 1211 reg'a
886 1102 1025 1211 conjux

132 1240 243 1324 Parta
265 1243 357 1326 tibi:
386 1243 569 1354 lacrymas·
587 1242 742 1324 dilediae
754 1244 852 1355 pelle
865 1243 1034 1326 Creusae.
1113 1239 1203 1358 784
1369 1324 1373 1334 ,

133 1383 229 1464 Non
241 1409 312 1492 ego
331 1382 625 1492 Myrmidonum
640 1384 741 1465 sedes
765 1384 1010 1494 Dolopumve
1034 1381 1205 1493 superbae

133 1517 340 1630 Aspiciam,
359 1539 424 1602 aut
432 1519 557 1603 Graiis
572 1521 747 1604 servitum
765 1523 945 1605 matribus
960 1522 1042 1621 ibo,

134 1660 333 1761 Dardanis,
353 1682 390 1743 et
403 1662 509 1744 divae
521 1664 676 1759 Veneris
698 1691 835 1747 nurusz

134 1803 208 1884 sed
221 1832 285 1922 me
304 1832 442 1914 magna
466 1804 583 1885 deum
601 1805 760 1915 genitrix
773 1804 832 1886 his
842 1805 988 1887 detinet
998 1802 1085 1886 oris.
1161 1842 1189 1875 κ
1328 1806 1332 1812 ’

133 1945 299 2058 Jamque
316 1947 409 2049 vale,
424 1950 548 2030 etnati
564 1947 664 2030 serva
681 1950 897 2031 communis
917 1975 1100 2033 amorem.
1180 1984 1186 1991 ·
1277 2037 1282 2051 ,
1304 2010 1308 2017 .

135 2090 244 2173 Haec
272 2091 340 2173 ubi
364 2093 465 2175 dicta
491 2093 608 2197 dedit,
634 2091 916 2203 lacrymantem,
940 2111 978 2175 et
997 2090 1119 2177 nauita
1135 2114 1205 2175 vo·

319 2230 461 2314 lentem
1050 2234 1053 2239 ’
1119 2252 1210 2349 790

135 2369 285 2472 Dicere,
315 2371 483 2468 deseruit,
502 2373 701 2489 tenuesque
715 2374 857 2460 recesfit
872 2374 911 2457 in
929 2403 1048 2460 auras·

135 2513 215 2594 Ter
231 2533 386 2598 conatus
406 2516 459 2597 ibi
478 2517 576 2598 collo
594 2518 680 2596 dare
706 2515 859 2597 brachia
881 2517 1052 2610 circum,

134 2652 214 2733 Ter
232 2653 365 2735 frustra
378 2652 597 2761 comprensa
610 2679 745 2733 manus
756 2651 889 2758 effugit
902 2653 1041 2759 imago,

135 2792 208 2873 Par
227 2792 371 2873 levibus
387 2793 519 2895 ventis,
538 2791 756 2900 volucrique
777 2789 1125 2877 fimillimasomuo.
1172 2894 1176 2899 ι
1217 2796 1223 2808 “

136 2933 198 3014 Sic
224 2932 384 3014 demum
397 2933 527 3033 socios,
548 2933 767 3043 consumpta
783 2929 1044 3028 nocte,revis0.
1116 2959 1174 3044 79
1179 2925 1218 3041 5?

137 3077 265 3182 Atque
282 3072 346 3154 hic
369 3073 561 3182 ingentem
584 3073 771 3155 comitum
787 3069 965 3153 affluxisse
978 3097 1163 3151 novorum

135 3213 291 3293 Invenio
309 3212 496 3294 admirans
508 3241 740 3310 numerum;
767 3209 987 3321 matresque,
1008 3206 1192 3319 virosque,

135 3353 347 3435 Collectam
360 3352 473 3435 exilio
491 3356 647 3464 pubem,
667 3351 872 3435 miserabile
892 3350 1040 3461 vulgus.

136 3494 318 3605 Undique
339 3523 558 3595 convenere,
576 3495 712 3577 animis
731 3493 940 3604 opibusque
959 3488 1087 3602 parati,

135 3638 184 3717 In
204 3638 444 3748 quascunque
458 3637 573 3718 velim
587 3636 721 3747 pelago
739 3635 920 3717 deducere
938 3651 1062 3718 terras.
1120 3630 1219 3757 ⁸⁰⁰.-

137 3776 300 3885 Jamque
322 3778 423 3884 jugis
436 3775 605 3858 summae
627 3774 795 3885 surgebat
807 3769 1074 3867 Luciferldae,

135 3914 385 4025 Ducebatque
399 3914 502 3998 diem
513 3955 527 4015 3
553 3913 750 4024 Danaique
768 3909 904 3992 obsessa
916 3908 1091 3990 tenebant

134 4051 515 4163 Liminaportarum3
544 4082 614 4136 nec
627 4053 707 4166 spes
719 4052 801 4171 opis
812 4048 889 4130 ulia
903 4048 1073 4136 dabatur.

134 4192 245 4299 ceffi,
260 4211 298 4279 et
312 4194 456 4280 sublato
476 4215 624 4281 montes
636 4197 803 4304 genitore
820 4193 947 4310 petivi.

250 4362 258 4374 ·
588 4333 632 4419 N
664 4360 695 4445 4
1000 4331 1046 4415 P.
1077 4325 1210 4408 VIR-
