2948 5078
320 343 396 436 42-
493 307 545 404 Ρ.
579 280 856 403 νιιόιιιι
894 304 1177 410 Manonra

313 512 511 610 onem,
528 511 743 591 autumna
757 529 878 594 nocet.
939 508 1049 594 Pater
1063 512 1138 623 ipse
1155 514 1302 600 cotenu
1393 488 1400 501 '

312 651 431 737 Haud
442 648 594 732 facilem
606 644 677 730 effe
698 650 798 730 viam
812 647 941 747 voluit,
957 644 1172 761 primusque
1183 682 1251 767 per
1267 675 1386 743 artem

311 791 440 874 Movit
455 816 572 901 agros,
588 790 685 872 curis
704 814 840 872 acuens
855 788 1025 872 mortalia
1043 788 1179 877 corda:

309 930 355 1013 N
355 957 398 1011 ec
416 948 559 1041 torpere
570 931 671 1038 gravi
683 926 802 1042 pedus
811 927 875 1010 sua
887 956 1000 1041 regna
1017 948 1179 1018 veterno.

309 1073 413 1154 Ante
433 1073 570 1178 Jovem
589 1069 683 1153 nulli
700 1068 919 1180 subigebant
933 1098 1018 1153 arra
1035 1052 1184 1158 coloni:
1298 1102 1347 1164 12
1354 1106 1379 1192 ς

308 1209 398 1292 Nec
414 1210 555 1319 fignare
571 1209 739 1318 quidem,
759 1226 823 1290 aut
839 1208 965 1319 partiri
982 1208 1101 1293 lirnit'e
1122 1236 1303 1328 eunpum

307 1347 381 1429 Fas
395 1366 490 1430 erat:
522 1350 562 1428 in
582 1346 753 1430 medium
768 1348 1012 1459 quaerebant:
1043 1350 1195 1462 ipsaque
1212 1354 1320 1438 tellus

307 1486 452 1567 Omnia
467 1486 630 1588 liberiu,
649 1484 755 1569 nullo
766 1486 950 1598 poscente,
963 1484 1117 1574 ferebat.

305 1625 384 1715 Ille.
398 1626 545 1710 malurn
564 1629 664 1710 virus
682 1626 909 1738 serpentibus
928 1628 1068 1711 addidit
1085 1626 1185 1731 atris,

305 1768 552 1874 Praedarique
569 1765 678 1876 lupos
690 1749 806 1874 judit,
827 1783 1065 1877 pontumque
1087 1773 1255 1856 moveri:
1293 1802 1376 1885 130

306 1903 503 2014 Mellaque
521 1902 676 1985 decussrt
705 1902 817 2002 foliis,
834 1904 1037 2014 ignemque
1056 1910 1229 2007 removit,

304 2041 499 2156 Etpaffim
518 2044 604 2127 rivis
623 2043 805 2125 currentia
828 2043 914 2124 vina
930 2044 1118 2155 represllt:

305 2185 362 2264 Ut
382 2185 497 2266 varias
510 2184 594 2266 usus
608 2183 824 2265 meditando
838 2163 1057 2267 emundaret
1073 2203 1167 2268 artes

302 2325 503 2426 Paulatim,
522 2344 559 2407 et
578 2325 685 2408 sulcis
697 2324 875 2407 fiumenti
894 2348 1085 2435 quaereret
1096 2326 1267 2429 herbam,
1412 2428 1419 2436 .

171 2471 174 2475 ’
302 2466 356 2548 Et
374 2466 482 2549 filicis
498 2466 600 2548 venis
620 2460 827 2548 abstrusum
844 2467 1042 2548 excuderet
1060 2467 1202 2577 ignem.
1285 2498 1333 2581 13
1343 2494 1367 2582 ς

303 2602 420 2687 Tunc
436 2606 539 2689 alnos
556 2605 725 2717 primurn
747 2604 851 2686 fluvii
869 2604 1007 2687 sensere
1026 2626 1189 2688 cavatas:

251 2825 256 2833 .
303 2746 442 2827 Navita
457 2765 541 2826 tum
554 2744 664 2827 stellis
681 2770 857 2827 numeros
879 2762 916 2826 et
935 2746 1090 2826 nomina
1108 2744 1210 2842 fecit,

303 2888 486 2986 Pleiadas,
509 2888 675 2998 Hyadas,
694 2888 906 2999 claramque
919 2890 1104 2998 Lycaonis
1118 2892 1276 2972 Antron.

302 3030 413 3111 Tum
431 3030 571 3141 laqueis
589 3051 734 3141 captare
752 3030 859 3128 feras,
881 3049 918 3112 et
934 3029 1061 3111 fallere
1076 3032 1175 3112 visco

302 3172 524 3254 Inventum:
545 3192 581 3254 et
595 3152 1154 3282 magnoscanibus'circumdare
1168 3171 1371 3277 saltus.140

302 3314 431 3420 Atque
448 3311 541 3391 alius
552 3311 672 3391 latum
686 3313 803 3391 funda
816 3314 898 3418 jam
911 3312 1076 3391 verberat
1086 3337 1253 3406 amnem,

302 3448 393 3529 Alta
406 3466 557 3557 petens3
590 3448 796 3557 pelagoque
813 3449 905 3529 alius
917 3449 1027 3528 trahit
1045 3446 1202 3529 humida
1222 3446 1308 3528 lina.

301 3588 411 3667 Tum
430 3586 517 3669 ferri
542 3587 653 3698 rigor,
673 3605 785 3696 atque
804 3606 953 3698 argutae
971 3589 1109 3668 lamina
1127 3587 1268 3684 serrae3

292 3727 428 3835 ¹(Nam
449 3728 561 3837 primi
581 3725 707 3806 cuneis
723 3726 936 3808 scindebant
953 3727 1058 3807 fiffile
1072 3724 1251 3834 lignum.)

300 3867 409 3946 Tum
428 3868 546 3948 variae
564 3895 694 3948 venere
707 3886 811 3951 artes.
872 3869 997 3951 Labor
1010 3867 1138 3950 omnia
1154 3866 1242 3949 vicit
1287 3891 1339 3972 14
1345 3893 1367 3972 5

286 4004 512 4118 'Improbaa3
522 3975 568 4088 'et
582 4005 686 4120 'duris
704 3995 838 4119 urgens
853 4005 893 4092 in
910 4007 1018 4095 rebus
1035 4004 1186 4122 egestas.

1101 4256 1103 4260 ,
1241 4279 1368 4363 Prima
