2948 5078
295 324 401 427 arb
536 311 590 416 Ρ.
623 317 880 413 Vrnmurr
916 316 1195 418 Maturate

303 496 664 632 naqmrngaa,
695 538 733 602 a
747 517 864 601 nna
881 519 1204 620 armena,

303 667 435 773 Atque
449 661 585 761 Getae,
607 664 719 772 atque
732 660 903 757 Hebrus,
916 679 1028 769 atque
1039 663 1168 744 Aetas
1181 660 1372 777 Orithyra.

303 805 386 917 lpse
401 832 490 889 cava
502 805 621 886 solans
637 802 793 913 aegrum
808 800 990 882 testudine
1003 824 1187 905 umorem,

287 945 381 1058 'Te,
412 945 531 1027 dulcis
543 944 694 1053 conjux,
723 960 761 1024 te
775 940 852 1021 soto
866 940 904 1020 in
919 939 1202 1043 litoresecutn,·
1288 950 1379 1063 463

305 1084 371 1167 Te
386 1085 558 1167 veniente
574 1082 649 1181 die,
677 1098 717 1162 te
731 1080 932 1161 decedente
948 1083 1116 1166 canebat.

229 1305 233 1316 ,
305 1224 508 1306 Taenarias
531 1223 646 1303 etiam
661 1218 800 1318 fauces,
831 1220 903 1300 alta
920 1221 1011 1301 o'stia
1028 1223 1143 1322 Ditis,

305 1361 359 1442 Et
372 1363 598 1471 ealigantem
611 1362 718 1470 nigra
732 1359 936 1441 formidine
949 1360 1081 1444 lucum

304 1500 501 1610 Ingressus,
532 1499 742 1609 Manesque
754 1498 857 1597 adiit,
877 1527 1081 1611 regemque
1094 1499 1361 1601 tremendum,

303 1641 517 1753 Nesciaque
529 1639 881 1752 humanisprecibus
891 1641 1144 1724 mansuescere
1153 1641 1279 1724 corda.
1289 1670 1382 1756 470

303 1783 362 1865 At
378 1796 492 1863 cantu
506 1797 720 1888 commotae
734 1780 847 1862 Erebi
868 1783 915 1862 de
935 1782 1079 1864 sedibus
1095 1783 1182 1864 imis

303 1918 476 2002 Umbrae
496 1920 599 2005 ibant
612 1936 754 2021 tenues,
769 1920 1038 2028 fimulacraque
1058 1921 1143 2001 luce
1161 1935 1383 2002 carentum:

304 2063 438 2168 Qum
455 2059 580 2143 multa
597 2058 638 2141 in
655 2059 765 2168 sylus
784 2058 912 2140 avium
930 2060 966 2139 se'
979 2059 1097 2140 millia
1111 2060 1293 2157 condunt,

185 2259 188 2263 -
303 2201 446 2313 Vesper
462 2201 543 2303 ubi,
572 2218 637 2283 aut
653 2198 842 2309 hybernus
860 2201 936 2310 agit
952 2201 1001 2282 de
1018 2201 1212 2283 montibus
1230 2201 1381 2285 imbert

302 2344 460 2445 Matres,
487 2344 695 2456 atqueviri,
724 2344 976 2455 denumque
990 2374 1144 2456 corpora
1157 2347 1231 2427 vita
1290 2369 1380 2459 473

302 2484 601 2595 Magnmrimum
619 2483 794 2584 heroum,
812 2487 931 2595 pueri,
954 2485 1207 2596 innuptaeque
1220 2484 1383 2598 puellae,

306 2628 552 2741 Impofitique
571 2631 670 2740 rogis
681 2631 838 2738 juvenes
855 2636 939 2709 an'te
959 2656 1023 2709 ora
1040 2648 1249 2739 parentum,

303 2771 412 2866 Quos
427 2773 571 2851 circum
589 2770 702 2851 limus
719 2771 834 2876 niger,
867 2787 904 2847 et
918 2767 1097 2848 deformis
1111 2768 1253 2850 arundo

303 2908 453 3014 Cocyti,
485 2909 663 3018 tardaque
680 2906 786 3018 palus
800 2906 1010 2988 inamabilis
1024 2909 1126 2989 unda

303 3048 460 3158 Alligat,
491 3070 529 3131 et
545 3052 672 3132 novies
691 3053 782 3158 Styx
799 3049 973 3128 interfusa
994 3058 1152 3133 co'e'rcet.
1287 3043 1378 3157 480

305 3194 413 3300 Qin
431 3195 528 3302 ipsae
548 3193 720 3303 stupuere
737 3193 886 3289 domus,
918 3210 1028 3299 atque
1044 3193 1177 3273 intima
1187 3190 1300 3274 Lethi

303 3336 470 3430 Tartara,
502 3334 763 3441 coeruleosque
785 3334 970 3440 implexae
990 3334 1152 3414 crinibus
1171 3360 1310 3441 angues

304 3471 559 3567 Eumenides,
591 3472 784 3580 tenuitque
802 3468 948 3550 inhians
961 3473 1028 3551 tria
1041 3472 1222 3551 Cerberus
1240 3501 1318 3570 ora,

304 3613 433 3719 Atque
448 3610 586 3693 Ixionii
602 3629 713 3694 vento
731 3628 811 3693 rota
828 3611 990 3691 constitit
1009 3610 1123 3694 orbis.

305 3752 480 3856 Jamque,
498 3753 635 3863 pedem
647 3753 821 3852 referens,
841 3751 942 3832 casus
954 3751 1113 3833 evaserat
1126 3772 1270 3847 omnes,
1289 3749 1345 3861 48
1352 3780 1377 3866 ς

305 3888 542 3998 Redditaque
553 3893 740 4000 Eurydice
761 3894 907 4001 superas
928 3890 1099 3974 veniebat
1108 3893 1156 3973 ad
1167 3918 1285 3994 auras,
1450 3876 1456 3892 ¹

303 4030 409 4116 Pone
436 4029 590 4138 sequens
602 4070 615 4131 3
645 4059 809 4143 namque
841 4031 940 4120 hanc
974 4033 1128 4123 dederat
1163 4033 1381 4146 Pruserpina

364 4171 515 4287 legem:
660 4272 662 4276 v
1164 4151 1193 4244 ’ζ
1287 4259 1309 4281 ,,

1272 4311 1380 4398 Cum
