2948 5078
203 326 270 473 5⁶.
390 320 442 419 Ρ.
477 320 1064 429 vireru-rr'Mauuurs

196 496 636 652 Exesainuenietscabra
654 522 828 632 rubigine
849 525 950 635 pila:
1071 642 1077 651 ⁴
1179 556 1236 640 49
1243 550 1268 642 ς

197 662 279 745 Aut
289 662 462 773 gravibus
471 663 728 774 raſtris'galens
741 665 899 776 pulnbit
916 667 1059 768 hanes,

197 800 440 917 Grandiaque
451 804 587 887 effoffis
598 803 793 887 mirabitur
804 804 880 887 offa
898 805 1087 915 sepulcris.
1259 840 1263 847 ·

196 942 254 1029 Di
266 947 375 1063 patrii
386 945 585 1055 Indigetes,
597 964 635 1026 et
647 945 828 1043 Romule,
847 944 1035 1056 Vestaque
1044 960 1178 1044 mater,

196 1084 309 1192 Qae
321 1086 495 1174 Tuscum
510 1085 696 1182 Tiberim,
714 1102 752 1165 et
769 1086 945 1169 Romana
961 1087 1094 1196 palatia
1105 1085 1234 1182 servas,

198 1222 319 1308 Hunc
331 1224 590 1313 ffltemeverso
600 1225 777 1331 juvenem
794 1227 1003 1309 succurrere
1015 1227 1113 1309 seclo
1179 1253 1264 1337 ςοο

197 1362 265 1449 Ne
279 1364 498 1473 prohibete:
527 1363 610 1449 satis
628 1364 855 1474 jampridem
872 1366 1047 1475 sanguiue
1063 1364 1189 1451 nostro

197 1500 500 1623 Laomedonteae
513 1500 653 1585 luimus
666 1503 823 1612 perjuria
836 1503 985 1612 Trojae.

15 1760 20 1771 Ι
198 1642 436 1755 Jampridem
447 1644 553 1733 nobis
564 1642 659 1725 coeli
672 1662 709 1724 te
727 1644 839 1753 regia,
855 1645 998 1744 Caesar,

95 1908 101 1919 .
199 1786 358 1883 Invidet,
373 1804 484 1894 atque
497 1784 701 1874 hominum
719 1787 884 1895 queritur
901 1815 1028 1871 curare
1046 1784 1269 1897 triumphos.

69 1960 77 1979 ·
196 1926 353 2041 Qippe
369 1925 436 2008 ubi
461 1925 518 2008 fas
544 1925 693 2007 versum
718 1942 830 2033 atque
847 1923 973 2031 nefas:
1003 1942 1060 2004 tot
1087 1924 1185 2005 bella
1203 1952 1270 2035 per

382 2066 538 2149 orbem:
1032 2146 1037 2153 1
1180 2093 1235 2177 30
1241 2093 1265 2176 5

199 2202 307 2289 Tam
318 2207 459 2291 multae
470 2208 651 2291 scelerum
663 2206 800 2291 facies:
833 2236 911 2290 non
928 2207 1027 2291 ullus
1042 2224 1162 2289 aratro

196 2346 348 2457 Dignus
361 2347 502 2433 bonos:
523 2348 691 2460 squalent
708 2349 879 2431 abductis
896 2378 981 2431 arva
993 2347 1149 2446 colonis,

102 2496 105 2501 ’
197 2488 251 2573 Et
266 2514 401 2577 curvae
419 2488 585 2599 rigidum
600 2486 713 2569 falces
730 2486 939 2569 conflantur
956 2489 997 2569 in
1014 2488 1152 2573 ensem.

198 2624 305 2709 Hinc
321 2648 451 2711 movet
467 2626 688 2739 Euphrates,
701 2625 803 2705 illinc
817 2628 1022 2711 Germania
1039 2624 1207 2709 bellumt

199 2768 358 2849 Vicinae
375 2770 490 2879 ruptis
506 2770 601 2855 inter
614 2768 650 2847 se
668 2766 813 2876 legibus
832 2768 941 2854 urbes
1182 2792 1268 2875 510

198 2909 322 3005 Anna
338 2908 485 2990 ferunt:
515 2907 624 2995 saevit
641 2925 720 2987 toto
737 2905 843 2986 Mars
861 2906 999 3014 impius
1015 2904 1118 2986 orbe.

198 3048 257 3129 Ut
273 3076 365 3141 cum
378 3047 584 3129 carceribus
600 3046 672 3128 sese
692 3044 854 3125 effudere
874 3043 1087 3152 quadrigae,

198 3188 358 3270 Addunt
374 3188 413 3268 in
432 3187 564 3300 spatia:
595 3204 633 3267 et
650 3185 783 3267 frustra
800 3181 1001 3266 retinacula
1020 3181 1173 3263 tendens

197 3328 331 3412 Fertur
344 3331 448 3440 equis
467 3328 605 3437 auriga,
625 3355 747 3436 neque
761 3326 864 3414 audit
881 3350 1007 3413 currus
1027 3321 1200 3407 habenas,
