2948 5078
287 337 381 443 1328
466 335 517 434 P.
552 309 821 430 Vrncrun
855 334 1135 438 Minonis

283 545 459 628 Volvitur
476 541 516 623 in
530 555 666 650 caput3
684 536 739 620 ast
757 536 862 620 illam
878 557 934 622 ter
953 540 1089 628 fluctus
1107 543 1250 628 ibidem
1272 574 1357 634 120

282 685 459 803 Torquet
482 709 595 794 agens
610 681 785 782 circum,
823 699 862 764 et
889 683 1038 796 rapidus
1063 706 1168 772 vorat
1196 714 1359 801 aequore

344 845 490 910 vortex.

285 963 569 1081 Apparentrari
589 978 717 1044 nantes
734 960 937 1073 ingurgito
954 964 1082 1050 vastor

285 1113 409 1193 Arma
421 1107 557 1203 virum,
584 1101 821 1212 tabulaeque,
850 1122 889 1185 et
902 1106 1022 1187 Tro‘r'a
1039 1134 1133 1218 gaza
1146 1136 1213 1220 per
1224 1108 1357 1194 undat.

285 1250 378 1358 jam
394 1246 556 1328 validam
570 1242 702 1325 Ilionei
715 1271 863 1345 navem,
888 1247 971 1355 jam
989 1246 1094 1330 fortis
1106 1248 1288 1349 Achatae,

285 1393 427 1500 thua
439 1391 568 1469 vestus
580 1389 696 1485 Abas,
709 1405 748 1469 et
760 1415 835 1498 qua
848 1389 1076 1498 grandaevus
1083 1389 1254 1497 Alethes,
1274 1419 1324 1478 12
1332 1418 1357 1505 5

269 1530 389 1612 -Vicit
406 1527 563 1638 hyems:
590 1528 683 1609 laxis
700 1527 861 1610 laterum
875 1530 1120 1642 compagibus
1137 1561 1269 1615 omnes

285 1671 493 1783 Accipiunt
509 1669 710 1751 inimicum
727 1668 904 1767 imbrem,
934 1669 1112 1782 rimisque
1130 1671 1318 1757 fatiscunt

349 1816 494 1892 Interea
511 1839 650 1918 magno
668 1809 813 1889 misceri
831 1839 1027 1910 murmure
1044 1833 1220 1922 pontum,

286 1949 545 2058 Emiffamque
563 1948 745 2058 hyemem
765 1948 871 2029 scnfit
889 1950 1103 2060 Neptunus,
1136 1974 1174 2036 et
1192 1956 1279 2038 imis

288 2081 424 2202 Stagna
436 2088 554 2171 refusa
567 2088 689 2171 vadis:
711 2089 868 2198 graviter
881 2110 1108 2191 commotus,
1130 2112 1168 2175 et
1181 2097 1255 2178 alto
1276 2125 1361 2209 ¹3⁰.

140 2235 145 2243 ’
286 2230 711 2341 Ρτόΐρίεἱεηε,”ίιιωηια
739 2231 933 2342 placidum
956 2252 1068 2344 caput
1094 2235 1229 2319 extulit
1246 2238 1361 2326 unda.

287 2371 659 2479 DisjectamAeneae
672 2386 752 2449 toto
771 2369 872 2450 videt
889 2398 1048 2481 aequore
1066 2373 1230 2477 classem,

288 2508 484 2594 Fluuibus
501 2505 686 2619 oppressos
699 2506 833 2604 Troas,
861 2497 1030 2619 coelique
1044 2514 1161 2597 ruina.
1284 2564 1285 2571 κ

287 2650 377 2732 Nec
396 2649 535 2729 latuere
552 2646 629 2726 doli
646 2646 799 2727 fratrem
816 2647 986 2754 Junonis,
1013 2668 1051 2729 et
1070 2652 1169 2732 irae:

288 2793 440 2870 Eurum
470 2791 518 2869 ad
550 2789 586 2869 se
615 2788 902 2898 zephyrumque
929 2809 1056 2873 vocat:
1101 2792 1237 2875 dehinc
1275 2795 1361 2875 talia

351 2931 475 3015 fatur:
1276 2969 1323 3048 ¹3
1335 2966 1358 3049 5

288 3072 463 3153 Tantane
477 3099 543 3152 vos
561 3071 701 3181 generis
719 3073 837 3153 tenuit
858 3071 993 3154 fiducia
1011 3073 1149 3157 vestri?

289 3216 379 3320 Jam
394 3216 544 3296 coelum
562 3234 785 3323 terramque,
813 3244 901 3298 meo
912 3217 986 3297 fine
997 3219 1166 3316 numine,
1186 3219 1298 3313 venti,

289 3358 465 3454 Miscere,
489 3375 526 3436 et
539 3374 655 3436 tantas
677 3359 818 3438 audetis
833 3359 962 3440 tollere
976 3360 1123 3441 moles?

289 3499 398 3604 Qus
411 3524 493 3605 ego.
521 3494 583 3574 sed
603 3514 725 3576 motos
740 3496 896 3606 praestat
911 3525 1135 3608 componere
1151 3495 1297 3579 fluctus.

288 3638 378 3719 Post
393 3637 489 3718 mihi
506 3665 583 3718 non
597 3637 707 3718 fimili
726 3667 845 3748 poena
859 3638 1052 3720 commissa
1071 3636 1189 3720 luetis.
1279 3666 1363 3746 140

288 3775 478 3858 Maturate
491 3778 635 3885 fugam,
670 3778 823 3885 regique
842 3776 934 3859 haec
949 3779 1059 3858 dicite
1077 3776 1219 3858 vestro:

288 3914 384 3994 Non
399 3914 454 3991 illi
472 3917 677 4023 imperium
694 3916 814 4023 pelagi
834 3915 1059 4025 saevumque
1077 3917 1303 4013 tridentem3

290 4052 363 4133 Sed
375 4049 486 4147 mihi,
510 4051 602 4131 sorte
617 4051 759 4134 datum.
783 4071 882 4134 tenet
900 4054 962 4134 illc
977 4054 1159 4136 immania
1173 4057 1270 4154 saxa,

290 4193 451 4291 Vestras,
481 4219 580 4294 eure,
602 4189 757 4315 dumosa
788 4191 851 4277 illa
866 4193 901 4276 se
913 4194 1080 4305 jactetin
1100 4196 1184 4281 aula

1211 4332 1369 4441 Aeolus,
