2948 5078
191 273 267 421 '7ss
403 288 456 385 Ρ.
491 287 761 386 Vrnornrr
796 287 1078 406 Maronis

195 491 305 580 Hinc
320 471 446 574 omnis
462 472 752 606 latgopubescit
765 492 874 576 vinea
889 491 1018 580 foetu:
1102 517 1107 525 ·
1186 526 1273 623 390

196 630 449 746 Compientur
464 632 650 747 vallesque
664 663 774 716 cavae
791 633 972 746 saltusque
989 636 1180 748 profundi,

199 771 260 859 Et·
268 799 516 885 quocumque
531 773 623 865 deus
640 775 786 856 circum
799 793 911 885 caput
925 775 1002 885 egit
1018 774 1242 867 honestum⁸¹

196 916 303 1026 Ergo
317 916 387 1004 rite
402 915 514 997 suum
530 914 682 1002 Baccho
700 917 868 998 dicemus
886 913 1072 997 honorem

196 1056 438 1145 Carminibus
454 1056 591 1168 patriis,
610 1055 804 1168 lancesque
816 1074 856 1139 et
872 1054 949 1138 liba
964 1055 1152 1141 feremus:

189 1195 253 1280 'Et
269 1196 404 1279 duetus
418 1177 660 1282 cornustabit
679 1196 777 1285 sacer
795 1193 921 1283 hircus
938 1196 988 1282 ad
1005 1223 1122 1295 mam,
1187 1225 1242 1307 39
1248 1223 1273 1309 ς

197 1333 432 1443 Pinguiaque
450 1334 490 1414 in
506 1335 667 1416 verubus
687 1334 913 1415 torrebimus
935 1353 1021 1417 exta
1037 1317 1228 1423 columis.-

197 1471 269 1569 Est
283 1472 399 1554 etiam
415 1471 479 1553 ille
497 1471 603 1555 labor
620 1475 792 1556 curandis
809 1472 946 1556 vitibus
964 1474 1067 1576 alter,

200 1616 279 1722 Cui
307 1644 506 1726 nunquam
540 1615 713 1699 exhausti
743 1612 824 1698 satis
846 1616 926 1703 est:
966 1594 1144 1728 namque,
1163 1644 1278 1709 omne

385 1740 586 1867 quotannis
645 1741 648 1745 ἢ

198 1897 356 2011 Terque
388 1915 594 2020 quaterque
626 1894 759 1987 solum.
785 1896 1046 1997 scindendum,
1090 1899 1276 2015 glebaque

382 2036 492 2119 versis
899 2111 903 2118 .
1106 2073 1109 2078 ·

195 2169 411 2270 'Aeternum
419 2175 853 2294 fiangendabidentibus3
861 2203 976 2259 omne
983 2174 1275 2286 levandum4oo

197 2317 350 2403 Fronde
361 2345 507 2403 nemus.
524 2320 621 2402 redit
628 2319 798 2430 agricolis
812 2318 918 2401 labor
925 2319 1231 2426 aetusinorbem,

199 2465 332 2575 Atque
349 2461 439 2555 inse
458 2461 521 2554 sua
537 2489 602 2576 per
615 2461 767 2571 vestigia
779 2459 940 2549 volvitur
952 2488 1085 2568 annus.

199 2599 253 2689 Et
264 2605 347 2715 jam
360 2603 455 2695 oiim
467 2604 560 2694 seras
577 2601 699 2716 posuit
717 2630 810 2687 cum
823 2601 931 2681 vinea
944 2599 1107 2698 frondes,

198 2744 373 2854 Frigidus
390 2764 428 2827 et
445 2743 554 2854 sylvis
572 2742 717 2854 Aquilo
735 2741 891 2828 dccuffit
908 2738 1093 2829 honorem
1102 2781 1117 2839 3

198 2889 291 2995 Jam
307 2905 392 2969 tum
403 2915 492 2996 ¹acer
507 2915 612 2969 curas
629 2887 841 2971 venientem
855 2885 1023 2973 extendit
1040 2885 1083 2977 xin
1104 2913 1247 2967 annum

199 3026 390 3126 Rusticus,
408 3045 446 3109 et
464 3056 579 3119 curvo
599 3026 744 3107 Saturni
758 3025 870 3113 dente
885 3023 1055 3112 reditium
1187 3028 1275 3132 406

199 3169 435 3284 Persequitur
451 3171 568 3253 vitem
585 3168 791 3265 attondens,
812 3165 995 3276 fingitque
1008 3167 1187 3277 putando.

201 3311 350 3392 Primus
369 3309 536 3402 humum
549 3309 682 3406 fodito,
698 3307 843 3416 primus
856 3305 1009 3392 devecta
1025 3324 1192 3391 cremato

203 3451 408 3544 Sarmenta,
428 3466 465 3527 et
478 3447 593 3537 vallos
608 3447 752 3557 primus
762 3445 830 3532 sub
843 3445 940 3535 testa
957 3441 1113 3528 referto:

201 3589 417 3681 Postremus
431 3590 574 3676 metito.
605 3588 664 3669 bis
679 3585 814 3669 vitibus
827 3586 966 3696 ingruit
978 3584 1126 3682 umbra,
1191 3614 1281 3694 4¹0

202 3728 266 3810 Bis
285 3732 447 3841 segetem
463 3729 583 3813 densis
604 3730 799 3823 obducunt
817 3725 977 3815 sentibus
998 3723 1160 3806 herbae:

202 3871 333 3950 Durus
350 3889 506 3981 uterque
526 3869 642 3952 labor.
673 3867 821 3949 laudato
837 3867 1003 3979 ingentia
1015 3892 1113 3962 rura,

202 4010 403 4118 Exiguum
413 4011 538 4091 colito.
557 4036 704 4091 necnon
721 4008 836 4089 etiam
854 4010 979 4122 aspera
992 4008 1087 4093 rusci

199 4130 359 4259 Vimine
375 4175 442 4273 per
460 4147 614 4264 ssrlvam,
634 4166 673 4232 et
684 4148 774 4264 ripis
787 4147 950 4273 fluuialis
965 4149 1113 4251 atundo
1141 4210 1144 4215 ,
1195 4169 1197 4178 '

627 4303 632 4307 ’
1085 4286 1279 4389 Caeditur,
