2948 5078
475 374 799 466 Aruernos
824 369 947 466 er.
974 373 1011 468 1.
1173 406 1267 510 143

199 583 256 664 At
274 572 368 661 frou
379 567 545 657 Sicaniae
564 573 708 689 saltem,
738 570 912 682 sedesque
930 593 1087 685 paratur,

182 752 188 780 ι
197 719 314 802 Unde
331 716 409 799 hue
425 715 582 815 trivetti,
614 734 819 823 regemque
837 731 1008 823 petamus
1023 716 1201 812 Acesten.

197 860 358 942 Talibus
375 856 549 941 liioneue.
580 854 708 936 curisti
721 853 833 934 simul
847 876 912 935 ore
929 854 1140 941 fremebant

198 1000 448 1085 Dardanidae.
1131 1078 1136 1085 .

196 1146 309 1228 Tum
320 1143 479 1225 breviter
493 1139 614 1243 Dido,
630 1136 779 1220 vultum
790 1137 959 1242 demissa,
974 1142 1165 1254 profatur:
1182 1154 1236 1265 5⁶
1244 1178 1268 1266 5
1441 1127 1445 1133 ⁵

199 1285 336 1368 Solvite
354 1281 469 1364 corde
487 1295 646 1378 metum,
668 1279 837 1376 Teucri;
865 1278 1041 1367 secludite
1053 1314 1171 1374 curas.
1235 1296 1242 1309 '

199 1428 278 1509 Res
289 1426 394 1528 dure,
426 1439 466 1505 et
482 1422 588 1533 regni
604 1420 747 1503 novius
763 1447 827 1501 me
845 1421 930 1504 talia
948 1446 1089 1538 cogunt

198 1565 347 1666 Moliri,
377 1580 417 1645 et
434 1563 508 1644 lete
523 1559 616 1645 sines
635 1561 791 1645 custode
807 1563 914 1645 tueri.

199 1706 297 1817 Qis
310 1726 428 1815 genus
444 1702 682 1802 Aeneadum,
714 1700 799 1812 quis
811 1702 949 1811 Trojae
970 1704 1106 1788 nesciat
1121 1708 1271 1811 urbem,

199 1843 452 1954 virtutesque,
480 1842 662 1953 virosque,
690 1841 836 1923 ettanti
849 1840 1020 1924 incendia
1032 1844 1148 1934 belli?
1184 1878 1271 1966 570

200 1984 296 2067 Non
308 1985 439 2066 obtusa
457 1983 554 2066 adeo
572 1983 760 2093 gestamus
777 1986 927 2092 periura
944 1985 1088 2072 Poeni:
1268 1966 1278 1983 ⁶

199 2120 383 2208 Nectum
403 2124 547 2206 aversus
561 2150 679 2233 equos
696 2124 816 2230 Tyria
835 2122 889 2203 soi
905 2125 1031 2234 jungit
1041 2129 1089 2209 ab
1103 2127 1211 2215 urbe.
1252 2168 1256 2176 ·

200 2269 351 2351 &uros
370 2267 594 2378 Hesperiam
605 2290 799 2376 magnam,
833 2268 1075 2382 Saturniaque
1092 2301 1202 2376 arva3

203 2391 288 2491 Sive
300 2409 433 2519 Erycis
449 2408 555 2509 fines,
587 2430 792 2520 regemque
810 2411 947 2520 optetis
967 2412 1129 2494 Acesten
1146 2456 1159 2512 ;

200 2549 361 2632 Auxilio
376 2567 483 2632 tritor
493 2551 697 2647 dimittam,
729 2548 939 2656 opibusque
945 2549 1099 2653 juvabo.
1186 2581 1242 2668 57
1248 2582 1272 2667 5
1365 2546 1370 2551 ⁹

169 2683 172 2687 ’
202 2688 329 2771 Vultis
345 2705 383 2770 et
399 2687 459 2767 his
472 2714 628 2768 mecum
642 2685 777 2796 pariter
789 2685 979 2765 considere
1004 2688 1155 2796 regnis?

201 2827 351 2908 Urbem
361 2840 481 2935 quum
498 2826 633 2929 statuo,
665 2824 863 2906 vestraest.
894 2824 1089 2910 subducite
1107 2854 1229 2913 naves.
1321 2883 1328 2913 ·

200 2960 303 3047 Tres
316 2964 529 3075 Tyriusque
541 2964 637 3047 mihi
657 2962 763 3048 nulio
782 2964 993 3048 discrimine
1009 2945 1163 3076 agetur(

200 3108 332 3216 Atque
351 3106 497 3186 utinam
514 3133 581 3186 rex
594 3105 683 3216 ipse,
714 3122 805 3186 noto
820 3102 1035 3215 compulsus
1045 3109 1183 3190 eodem

203 3242 352 3325 Afforet
364 3245 536 3326 Aeneas!
569 3243 750 3354 equidem
767 3266 836 3353 per
853 3241 960 3322 litora
971 3263 1090 3327 certor
1185 3248 1272 3360 580

202 3382 422 3487 Dimittam,
455 3400 493 3464 et
509 3385 653 3492 Libyae
667 3382 1001 3465 lustrueexrrenu
1014 3385 1183 3495 jubeb03

185 3589 188 3597 .
202 3520 242 3601 Si
254 3522 392 3632 quibus
404 3520 542 3630 ejetiur
553 3521 662 3630 sylvis
677 3539 745 3603 aut
756 3521 911 3604 urbibus
923 3540 1029 3608 errat.

266 3663 342 3744 His
358 3662 532 3744 animum
549 3661 681 3743 annui
700 3661 819 3760 dietis,
851 3678 890 3742 et
908 3660 1015 3743 sortis
1033 3661 1212 3769 Achates,

203 3800 256 3881 Et
276 3819 379 3911 pater
393 3803 555 3904 Aeneas,
580 3801 811 3911 jamdudum
824 3826 1021 3914 erumpere
1039 3803 1184 3886 nubem
1407 3893 1412 3901 ὁ

202 3941 412 4029 Ardebant.
442 3947 544 4057 prior
560 3945 733 4027 Aeneam
747 3939 951 4057 compellat
967 3945 1151 4031 Achatem
1186 3948 1273 4062 585

203 4081 306 4164 Nate
322 4083 404 4184 dea,
436 4110 533 4195 quae
550 4110 652 4167 nune
668 4086 799 4167 animo
812 4074 990 4167 sententia
1002 4087 1142 4199 surgit?
1268 4178 1269 4181 g

203 4222 347 4338 Omnia
364 4242 444 4310 tuta
461 4226 589 4345 uider:
628 4225 793 4328 classem,
828 4225 1017 4341 sociosque
1034 4243 1214 4340 receptos.

759 4370 797 4454 L
1162 4365 1273 4446 Unus
