2948 5078
330 345 701 445 uroaercs.
737 335 861 445 Lrs.
900 341 937 446 I.
1118 381 1186 482 49

118 550 343 663 Auritosqoe
359 550 462 662 sequi
477 553 642 663 lepores3
674 570 760 634 tum
776 551 889 662 figere
909 552 1049 655 damas,

118 700 254 805 Stupea
273 711 511 804 torquentem
528 694 688 775 Balearis
704 693 855 776 verbera
867 695 1020 793 firndae,

111 827 297 916 'Cumnix
308 828 380 912 alta
387 832 498 939 jacet,
507 829 666 940 glaciem
674 860 766 914 cum
773 831 1101 917 fluminatrudunt.
1107 859 1186 947 310

179 972 285 1081 Qid
297 966 720 1083 tempestates'autumni
738 991 776 1053 et
787 974 902 1055 fidera
919 976 1068 1060 dicam?
1161 1060 1165 1069 ,

121 1116 247 1225 Atque
266 1113 332 1194 ubi
347 1114 429 1221 jam
444 1113 664 1223 breviorque
681 1115 771 1211 dies,
791 1133 829 1195 et
842 1114 994 1197 mollior
1012 1111 1139 1218 acilas,

123 1251 428 1362 Qaevigilanda
439 1250 552 1334 viris?
572 1231 631 1332 vel
649 1280 740 1332 cum
756 1248 830 1334 ruit
848 1247 1085 1337 imbriferum
1094 1283 1177 1340 vere

109 1389 253 1498 'Spicea
267 1389 350 1495 jam
366 1390 509 1499 campis
526 1416 616 1471 cum
629 1389 759 1469 *mellis
774 1385 969 1492 inhorruit,
988 1409 1135 1474 etcum

91 1505 94 1511 ,
119 1529 155 1608 F
155 1543 328 1606 nimenta
346 1527 506 1615 inviridi
525 1527 659 1636 stipula
675 1527 847 1607 lactentia
863 1524 1038 1636 turgenti
1102 1556 1187 1641 315

123 1670 239 1776 Saepe
256 1692 340 1775 ego,
361 1674 453 1748 cum
473 1666 576 1748 flavis
589 1665 787 1748 meliorem
799 1665 989 1749 induceret
1000 1664 1094 1749 arvis

122 1805 313 1935 Agricola,
331 1823 370 1886 et
385 1805 508 1914 fragili
514 1807 597 1914 jam
617 1804 808 1912 stringeret
821 1802 960 1886 hordea
972 1806 1115 1905 culmo,

125 1945 266 2025 Omnia
286 1962 484 2063 ventorum
497 1943 869 2053 concurrerepraelia
885 1945 986 2043 vidi3

124 2089 232 2196 Qae
246 2086 437 2195 gravidam
454 2087 526 2168 late
543 2087 704 2196 segetem
723 2085 771 2166 ab
790 2085 974 2167 radicibus
988 2074 1074 2167 imis

124 2226 294 2307 Sublime
311 2227 504 2336 expulsam
518 2245 704 2311 eruerent:
723 2227 774 2308 ita
787 2226 933 2335 turbine
953 2226 1060 2336 nigro
1104 2251 1191 2340 320
1342 2279 1345 2284 ·

81 2426 84 2431 -
127 2367 255 2448 Ferret
281 2362 417 2477 hyems
448 2368 693 2480 culmumque
718 2367 853 2468 levem,
878 2367 1099 2480 stipulasque
1125 2397 1195 2470 vo·⁴

309 2503 436 2621 rantes·
518 2608 522 2615 ,

127 2622 372 2754 Saepeetiam
388 2648 615 2734 immensum
627 2651 734 2734 coelo
740 2650 842 2733 venit
851 2675 987 2758 agmen
997 2674 1194 2757 aquarum,

128 2785 180 2866 Et
195 2784 348 2889 foedam
360 2789 570 2900 glomerant
586 2791 848 2902 tempestatem
866 2785 1049 2869 imbribus
1063 2787 1148 2872 atris

130 2922 317 3006 eolleerae
330 2954 378 3009 ex
394 2929 470 3013 alto
488 2934 626 3014 nubes:
657 2931 732 3011 ruit
745 2930 881 3012 arduus
898 2927 1035 3025 aether,

132 3065 184 3148 Et
203 3065 328 3176 pluvia
348 3070 489 3180 ingenti
507 3073 581 3154 sata
591 3071 696 3171 laeta,
714 3072 909 3181 boumque
925 3068 1066 3148 labores
1111 3093 1163 3178 32
1172 3091 1196 3178 ς

132 3207 279 3291 Diluit:
311 3210 651 3322 implentur-follae,
669 3230 707 3292 et
721 3237 808 3291 cava
822 3206 1160 3289 fluminacrescunt
1214 3301 1217 3307 ,

134 3350 237 3430 Cum
256 3349 393 3450 sonitu;
409 3354 599 3466 fervetque
616 3354 717 3437 fretis
734 3351 952 3462 spirantibus
969 3347 1121 3458 aequor.

136 3489 216 3599 Ipse
228 3510 343 3599 pater,
355 3495 480 3576 media
496 3498 714 3577 nimborum
725 3497 765 3575 in
786 3498 906 3590 noce,
918 3489 1068 3573 corusca
1101 3511 1103 3515 ’

134 3628 313 3712 Fulmina
330 3636 485 3717 molitur
502 3636 654 3716 dextra:
687 3661 763 3744 quo
784 3633 952 3716 maxima
968 3649 1077 3711 motu

140 3771 259 3850 Terra
275 3777 424 3858 tremit:
455 3779 583 3887 fugere
598 3775 708 3873 ferae,
727 3795 765 3857 et
781 3771 950 3854 mortalia
962 3767 1075 3849 corda
1121 3783 1206 3877 331)

142 3911 215 3990 Per
228 3929 353 4017 gentes
372 3916 528 3998 humilis
547 3919 668 3998 stravit
687 3944 812 4028 pavor.
842 3912 905 3993 ille
923 3907 1090 4020 flagranti

139 4054 222 4130 Aut
238 4049 359 4148 Atho,
380 4076 443 4136 aut
457 4055 684 4166 Rhodopen,
708 4077 771 4138 aut
784 4055 856 4135 alta
871 4050 1054 4133 Ceraunia
1064 4044 1144 4128 telo

141 4189 306 4304 Dejicit:
338 4192 570 4308 ingeminant
588 4201 712 4297 aullri,
737 4218 775 4281 et
792 4193 1019 4284 denstffunus
1036 4189 1181 4270 imber:
1250 4308 1256 4315 g

696 4338 731 4420 E
1095 4324 1214 4406 Nunc
