<?xml version="1.0" encoding="UTF-8"?>
<!DOCTYPE html PUBLIC "-//W3C//DTD XHTML 1.0 Transitional//EN"
    "http://www.w3.org/TR/xhtml1/DTD/xhtml1-transitional.dtd">
<html xmlns="http://www.w3.org/1999/xhtml" xml:lang="en" lang="en">
 <head>
  <title>
</title>
<meta http-equiv="Content-Type" content="text/html;charset=utf-8" />
  <meta name='ocr-system' content='tesseract 3.04.00' />
  <meta name='ocr-capabilities' content='ocr_page ocr_carea ocr_par ocr_line ocrx_word'/>
</head>
<body>
  <div class='ocr_page' id='page_1' title='image "./publiivirgiliim02schegoog_0330.png"; bbox 0 0 2948 5078; ppageno 0'>
   <div class='ocr_carea' id='block_1_1' title="bbox 433 292 1262 451">
    <p class='ocr_par' dir='ltr' id='par_1_1' title="bbox 433 292 1262 451">
     <span class='ocr_line' id='line_1_1' title="bbox 433 292 1262 451; baseline -0.024 -13"><span class='ocrx_word' id='word_1_1' title='bbox 433 345 770 438; x_wconf 75' lang='lat' dir='ltr'>Anu-nenos.</span> <span class='ocrx_word' id='word_1_2' title='bbox 813 292 1062 426; x_wconf 52' lang='lat' dir='ltr'>Ltatlv.⁸</span> <span class='ocrx_word' id='word_1_3' title='bbox 1167 352 1262 451; x_wconf 78' lang='lat'>¹¹5</span> 
     </span>
    </p>
   </div>
   <div class='ocr_carea' id='block_1_2' title="bbox 194 533 1421 4134">
    <p class='ocr_par' dir='ltr' id='par_1_2' title="bbox 194 533 1274 662">
     <span class='ocr_line' id='line_1_2' title="bbox 194 533 1274 662; baseline -0.021 -28"><span class='ocrx_word' id='word_1_4' title='bbox 194 556 327 653; x_wconf 85' lang='lat' dir='ltr'>Quam</span> <span class='ocrx_word' id='word_1_5' title='bbox 341 544 472 662; x_wconf 87' lang='lat' dir='ltr'>procul</span> <span class='ocrx_word' id='word_1_6' title='bbox 485 547 672 626; x_wconf 76' lang='lat' dir='ltr'><strong>incautam</strong></span> <span class='ocrx_word' id='word_1_7' title='bbox 689 564 844 620; x_wconf 87' lang='lat' dir='ltr'>nemora</span> <span class='ocrx_word' id='word_1_8' title='bbox 856 536 951 617; x_wconf 81' lang='lat' dir='ltr'>inter</span> <span class='ocrx_word' id='word_1_9' title='bbox 967 536 1104 619; x_wconf 84' lang='lat' dir='ltr'>Creflia</span> <span class='ocrx_word' id='word_1_10' title='bbox 1112 533 1193 618; x_wconf 79' lang='lat' dir='ltr'>fixit</span> <span class='ocrx_word' id='word_1_11' title='bbox 1205 556 1274 647; x_wconf 65' lang='grc' dir='ltr'>γα</span> 
     </span>
    </p>

    <p class='ocr_par' dir='ltr' id='par_1_3' title="bbox 203 675 1101 799">
     <span class='ocr_line' id='line_1_3' title="bbox 203 675 1101 799; baseline -0.014 -25"><span class='ocrx_word' id='word_1_12' title='bbox 203 691 332 775; x_wconf 86' lang='lat' dir='ltr'>Pastor</span> <span class='ocrx_word' id='word_1_13' title='bbox 352 714 462 799; x_wconf 86' lang='lat' dir='ltr'>agens</span> <span class='ocrx_word' id='word_1_14' title='bbox 481 682 576 785; x_wconf 80' lang='lat' dir='ltr'>telis,</span> <span class='ocrx_word' id='word_1_15' title='bbox 592 678 777 790; x_wconf 83' lang='lat' dir='ltr'>liquitque</span> <span class='ocrx_word' id='word_1_16' title='bbox 792 676 941 758; x_wconf 83' lang='lat' dir='ltr'>volatile</span> <span class='ocrx_word' id='word_1_17' title='bbox 957 675 1101 761; x_wconf 87' lang='lat' dir='ltr'>serrum</span> 
     </span>
    </p>

    <p class='ocr_par' dir='ltr' id='par_1_4' title="bbox 196 815 1076 931">
     <span class='ocr_line' id='line_1_4' title="bbox 196 815 1076 931; baseline -0.017 -19"><span class='ocrx_word' id='word_1_18' title='bbox 196 827 368 912; x_wconf 84' lang='lat' dir='ltr'>Nescius.</span> <span class='ocrx_word' id='word_1_19' title='bbox 399 824 464 906; x_wconf 89' lang='lat' dir='ltr'>illa</span> <span class='ocrx_word' id='word_1_20' title='bbox 480 821 571 931; x_wconf 85' lang='lat' dir='ltr'>fuga</span> <span class='ocrx_word' id='word_1_21' title='bbox 586 818 691 900; x_wconf 80' lang='lat' dir='ltr'>filvaa</span> <span class='ocrx_word' id='word_1_22' title='bbox 707 815 888 925; x_wconf 84' lang='lat' dir='ltr'>saltusque</span> <span class='ocrx_word' id='word_1_23' title='bbox 907 833 1076 926; x_wconf 80' lang='lat' dir='ltr'>peragrat</span> 
     </span>
    </p>

    <p class='ocr_par' dir='ltr' id='par_1_5' title="bbox 198 955 1009 1064">
     <span class='ocr_line' id='line_1_5' title="bbox 198 955 1009 1064; baseline -0.016 -10"><span class='ocrx_word' id='word_1_24' title='bbox 198 972 376 1054; x_wconf 71' lang='lat' dir='ltr'>Dictaeos</span> <span class='ocrx_word' id='word_1_25' title='bbox 391 998 402 1051; x_wconf 81' lang='lat' dir='ltr'>a</span> <span class='ocrx_word' id='word_1_26' title='bbox 430 964 557 1046; x_wconf 82' lang='lat' dir='ltr'>haeret</span> <span class='ocrx_word' id='word_1_27' title='bbox 573 960 676 1051; x_wconf 82' lang='lat' dir='ltr'>lateri</span> <span class='ocrx_word' id='word_1_28' title='bbox 695 955 841 1055; x_wconf 84' lang='lat' dir='ltr'>lethalis</span> <span class='ocrx_word' id='word_1_29' title='bbox 853 960 1009 1064; x_wconf 82' lang='lat' dir='ltr'>arundo,</span> 
     </span>
    </p>

    <p class='ocr_par' dir='ltr' id='par_1_6' title="bbox 198 1101 1153 1212">
     <span class='ocr_line' id='line_1_6' title="bbox 198 1101 1153 1212; baseline -0.013 -18"><span class='ocrx_word' id='word_1_30' title='bbox 198 1113 318 1194; x_wconf 91' lang='lat' dir='ltr'>Nunc</span> <span class='ocrx_word' id='word_1_31' title='bbox 337 1107 464 1192; x_wconf 90' lang='lat' dir='ltr'>media</span> <span class='ocrx_word' id='word_1_32' title='bbox 476 1108 631 1186; x_wconf 88' lang='lat' dir='ltr'>Aenean</span> <span class='ocrx_word' id='word_1_33' title='bbox 648 1101 775 1185; x_wconf 86' lang='lat' dir='ltr'>secum</span> <span class='ocrx_word' id='word_1_34' title='bbox 788 1128 854 1212; x_wconf 84' lang='lat' dir='ltr'>per</span> <span class='ocrx_word' id='word_1_35' title='bbox 871 1103 1020 1185; x_wconf 92' lang='lat' dir='ltr'>moenia</span> <span class='ocrx_word' id='word_1_36' title='bbox 1032 1101 1153 1201; x_wconf 87' lang='lat' dir='ltr'>ducit,</span> 
     </span>
    </p>

    <p class='ocr_par' dir='ltr' id='par_1_7' title="bbox 199 1222 1272 1361">
     <span class='ocr_line' id='line_1_7' title="bbox 199 1222 1272 1361; baseline -0.006 -28"><span class='ocrx_word' id='word_1_37' title='bbox 199 1248 441 1358; x_wconf 75' lang='lat' dir='ltr'>Sidoniasque</span> <span class='ocrx_word' id='word_1_38' title='bbox 471 1245 628 1326; x_wconf 84' lang='lat' dir='ltr'>ostentat</span> <span class='ocrx_word' id='word_1_39' title='bbox 643 1222 745 1353; x_wconf 74' lang='lat' dir='ltr'>oper,</span> <span class='ocrx_word' id='word_1_40' title='bbox 766 1243 975 1353; x_wconf 83' lang='lat' dir='ltr'>urbemque</span> <span class='ocrx_word' id='word_1_41' title='bbox 1003 1252 1193 1356; x_wconf 75' lang='lat' dir='ltr'>paratam·</span> <span class='ocrx_word' id='word_1_42' title='bbox 1213 1273 1239 1359; x_wconf 95' lang='lat'>7</span> <span class='ocrx_word' id='word_1_43' title='bbox 1246 1270 1272 1361; x_wconf 75' lang='grc' dir='ltr'><strong><em>ς</em></strong></span> 
     </span>
    </p>

    <p class='ocr_par' dir='ltr' id='par_1_8' title="bbox 200 1382 1007 1499">
     <span class='ocr_line' id='line_1_8' title="bbox 200 1382 1007 1499; baseline -0.006 -28"><span class='ocrx_word' id='word_1_44' title='bbox 200 1389 338 1499; x_wconf 86' lang='lat' dir='ltr'><strong>Incipit</strong></span> <span class='ocrx_word' id='word_1_45' title='bbox 353 1384 472 1483; x_wconf 80' lang='lat' dir='ltr'>effari,</span> <span class='ocrx_word' id='word_1_46' title='bbox 494 1382 693 1491; x_wconf 88' lang='lat' dir='ltr'>mediaque</span> <span class='ocrx_word' id='word_1_47' title='bbox 706 1382 745 1465; x_wconf 88' lang='lat' dir='ltr'>in</span> <span class='ocrx_word' id='word_1_48' title='bbox 757 1410 851 1465; x_wconf 84' lang='lat' dir='ltr'>voce</span> <span class='ocrx_word' id='word_1_49' title='bbox 866 1384 1007 1466; x_wconf 73' lang='lat' dir='ltr'>resistit.</span> 
     </span>
    </p>

    <p class='ocr_par' dir='ltr' id='par_1_9' title="bbox 199 1521 1111 1634">
     <span class='ocr_line' id='line_1_9' title="bbox 199 1521 1111 1634; baseline -0.007 -22"><span class='ocrx_word' id='word_1_50' title='bbox 199 1531 319 1614; x_wconf 88' lang='lat' dir='ltr'>Nunc</span> <span class='ocrx_word' id='word_1_51' title='bbox 335 1523 481 1623; x_wconf 82' lang='lat' dir='ltr'>eadem,</span> <span class='ocrx_word' id='word_1_52' title='bbox 510 1522 656 1604; x_wconf 89' lang='lat' dir='ltr'>labente</span> <span class='ocrx_word' id='word_1_53' title='bbox 673 1521 747 1620; x_wconf 89' lang='lat' dir='ltr'>die,</span> <span class='ocrx_word' id='word_1_54' title='bbox 766 1524 936 1606; x_wconf 87' lang='lat' dir='ltr'>convivia</span> <span class='ocrx_word' id='word_1_55' title='bbox 955 1528 1111 1634; x_wconf 85' lang='lat' dir='ltr'>quaerit,</span> 
     </span>
    </p>

    <p class='ocr_par' dir='ltr' id='par_1_10' title="bbox 203 1661 1044 1777">
     <span class='ocr_line' id='line_1_10' title="bbox 203 1661 1044 1777; baseline -0.008 -25"><span class='ocrx_word' id='word_1_56' title='bbox 203 1667 409 1777; x_wconf 89' lang='lat' dir='ltr'>Iliacosque</span> <span class='ocrx_word' id='word_1_57' title='bbox 432 1665 569 1749; x_wconf 86' lang='lat' dir='ltr'>iterum</span> <span class='ocrx_word' id='word_1_58' title='bbox 589 1661 744 1743; x_wconf 81' lang='lat' dir='ltr'>demens</span> <span class='ocrx_word' id='word_1_59' title='bbox 757 1662 883 1747; x_wconf 85' lang='lat' dir='ltr'>audire</span> <span class='ocrx_word' id='word_1_60' title='bbox 902 1661 1044 1746; x_wconf 84' lang='lat' dir='ltr'>labores</span> 
     </span>
    </p>

    <p class='ocr_par' dir='ltr' id='par_1_11' title="bbox 205 1803 1154 1917">
     <span class='ocr_line' id='line_1_11' title="bbox 205 1803 1154 1917; baseline 0 -28"><span class='ocrx_word' id='word_1_61' title='bbox 205 1808 397 1917; x_wconf 85' lang='lat' dir='ltr'>Exposcit,</span> <span class='ocrx_word' id='word_1_62' title='bbox 424 1803 636 1916; x_wconf 77' lang='lat' dir='ltr'>pendetque</span> <span class='ocrx_word' id='word_1_63' title='bbox 663 1804 799 1890; x_wconf 85' lang='lat' dir='ltr'>iterum</span> <span class='ocrx_word' id='word_1_64' title='bbox 817 1805 993 1886; x_wconf 80' lang='lat' dir='ltr'>narrantis</span> <span class='ocrx_word' id='word_1_65' title='bbox 1009 1803 1057 1885; x_wconf 91' lang='lat' dir='ltr'>ab</span> <span class='ocrx_word' id='word_1_66' title='bbox 1078 1833 1154 1891; x_wconf 91' lang='lat' dir='ltr'>ore.</span> 
     </span>
    </p>

    <p class='ocr_par' dir='ltr' id='par_1_12' title="bbox 205 1933 1276 2053">
     <span class='ocr_line' id='line_1_12' title="bbox 205 1933 1276 2053; baseline 0 -24"><span class='ocrx_word' id='word_1_67' title='bbox 205 1944 307 2046; x_wconf 86' lang='lat' dir='ltr'>Post,</span> <span class='ocrx_word' id='word_1_68' title='bbox 336 1945 402 2026; x_wconf 92' lang='lat' dir='ltr'>ubi</span> <span class='ocrx_word' id='word_1_69' title='bbox 420 1942 580 2053; x_wconf 83' lang='lat' dir='ltr'>digreffi,</span> <span class='ocrx_word' id='word_1_70' title='bbox 601 1943 806 2052; x_wconf 80' lang='lat' dir='ltr'>lumenque</span> <span class='ocrx_word' id='word_1_71' title='bbox 826 1941 979 2024; x_wconf 89' lang='lat' dir='ltr'>obscura</span> <span class='ocrx_word' id='word_1_72' title='bbox 997 1933 1156 2026; x_wconf 81' lang='lat' dir='ltr'>viciffim</span> <span class='ocrx_word' id='word_1_73' title='bbox 1220 1944 1276 2029; x_wconf 88' lang='grc' dir='ltr'>8ο</span> 
     </span>
    </p>

    <p class='ocr_par' dir='ltr' id='par_1_13' title="bbox 207 2084 1247 2195">
     <span class='ocr_line' id='line_1_13' title="bbox 207 2084 1247 2195; baseline -0.002 -23"><span class='ocrx_word' id='word_1_74' title='bbox 207 2089 318 2172; x_wconf 88' lang='lat' dir='ltr'>Luna</span> <span class='ocrx_word' id='word_1_75' title='bbox 331 2085 481 2195; x_wconf 82' lang='lat' dir='ltr'>premit,</span> <span class='ocrx_word' id='word_1_76' title='bbox 506 2084 732 2191; x_wconf 83' lang='lat' dir='ltr'>suadentque</span> <span class='ocrx_word' id='word_1_77' title='bbox 752 2084 919 2167; x_wconf 83' lang='lat' dir='ltr'>cadentia</span> <span class='ocrx_word' id='word_1_78' title='bbox 937 2085 1052 2168; x_wconf 85' lang='lat' dir='ltr'>fidera</span> <span class='ocrx_word' id='word_1_79' title='bbox 1074 2087 1247 2171; x_wconf 76' lang='lat' dir='ltr'>sonmosz</span> 
     </span>
    </p>

    <p class='ocr_par' dir='ltr' id='par_1_14' title="bbox 206 2223 1085 2337">
     <span class='ocr_line' id='line_1_14' title="bbox 206 2223 1085 2337; baseline 0.002 -30"><span class='ocrx_word' id='word_1_80' title='bbox 206 2225 293 2307; x_wconf 87' lang='lat' dir='ltr'>Sola</span> <span class='ocrx_word' id='word_1_81' title='bbox 305 2226 425 2306; x_wconf 91' lang='lat' dir='ltr'>domo</span> <span class='ocrx_word' id='word_1_82' title='bbox 443 2242 587 2304; x_wconf 89' lang='lat' dir='ltr'>moeret</span> <span class='ocrx_word' id='word_1_83' title='bbox 600 2252 729 2322; x_wconf 87' lang='lat' dir='ltr'>vacua,</span> <span class='ocrx_word' id='word_1_84' title='bbox 745 2223 934 2337; x_wconf 85' lang='lat' dir='ltr'>stratisque</span> <span class='ocrx_word' id='word_1_85' title='bbox 949 2227 1085 2309; x_wconf 69' lang='lat' dir='ltr'>relictis</span> 
     </span>
    </p>

    <p class='ocr_par' dir='ltr' id='par_1_15' title="bbox 205 2366 1279 2480">
     <span class='ocr_line' id='line_1_15' title="bbox 205 2366 1279 2480; baseline -0.004 -23"><span class='ocrx_word' id='word_1_86' title='bbox 205 2369 390 2457; x_wconf 80' lang='lat' dir='ltr'>incubat:</span> <span class='ocrx_word' id='word_1_87' title='bbox 422 2366 532 2448; x_wconf 90' lang='lat' dir='ltr'>illum</span> <span class='ocrx_word' id='word_1_88' title='bbox 544 2368 671 2450; x_wconf 83' lang='lat' dir='ltr'>absens</span> <span class='ocrx_word' id='word_1_89' title='bbox 689 2367 878 2450; x_wconf 89' lang='lat' dir='ltr'>absentem</span> <span class='ocrx_word' id='word_1_90' title='bbox 889 2368 1066 2478; x_wconf 88' lang='lat' dir='ltr'>auditque</span> <span class='ocrx_word' id='word_1_91' title='bbox 1079 2371 1279 2480; x_wconf 85' lang='lat' dir='ltr'>videtquet</span> 
     </span>
    </p>

    <p class='ocr_par' dir='ltr' id='par_1_16' title="bbox 206 2506 1187 2619">
     <span class='ocr_line' id='line_1_16' title="bbox 206 2506 1187 2619; baseline -0.004 -30"><span class='ocrx_word' id='word_1_92' title='bbox 206 2509 289 2590; x_wconf 83' lang='lat' dir='ltr'>Aut</span> <span class='ocrx_word' id='word_1_93' title='bbox 304 2509 450 2619; x_wconf 59' lang='lat' dir='ltr'>mentio</span> <span class='ocrx_word' id='word_1_94' title='bbox 463 2506 683 2605; x_wconf 83' lang='lat' dir='ltr'>Ascanium,</span> <span class='ocrx_word' id='word_1_95' title='bbox 698 2507 873 2614; x_wconf 87' lang='lat' dir='ltr'>genitoris</span> <span class='ocrx_word' id='word_1_96' title='bbox 886 2507 1049 2614; x_wconf 85' lang='lat' dir='ltr'>imagine</span> <span class='ocrx_word' id='word_1_97' title='bbox 1066 2526 1187 2615; x_wconf 88' lang='lat' dir='ltr'>capta,</span> 
     </span>
    </p>

    <p class='ocr_par' dir='ltr' id='par_1_17' title="bbox 210 2641 1282 2755">
     <span class='ocr_line' id='line_1_17' title="bbox 210 2641 1282 2755; baseline -0.003 -27"><span class='ocrx_word' id='word_1_98' title='bbox 210 2649 378 2741; x_wconf 86' lang='lat' dir='ltr'>Detinet,</span> <span class='ocrx_word' id='word_1_99' title='bbox 393 2643 637 2724; x_wconf 88' lang='lat' dir='ltr'>infandumfi</span> <span class='ocrx_word' id='word_1_100' title='bbox 658 2643 785 2727; x_wconf 82' lang='lat' dir='ltr'>fallere</span> <span class='ocrx_word' id='word_1_101' title='bbox 797 2641 906 2752; x_wconf 84' lang='lat' dir='ltr'>poffit</span> <span class='ocrx_word' id='word_1_102' title='bbox 925 2670 1106 2726; x_wconf 85' lang='lat' dir='ltr'>amorem.</span> <span class='ocrx_word' id='word_1_103' title='bbox 1227 2643 1250 2725; x_wconf 86' lang='lat'>8</span> <span class='ocrx_word' id='word_1_104' title='bbox 1258 2670 1282 2755; x_wconf 77' lang='grc' dir='ltr'><strong><em>ς</em></strong></span> 
     </span>
    </p>

    <p class='ocr_par' dir='ltr' id='par_1_18' title="bbox 212 2777 1232 2891">
     <span class='ocr_line' id='line_1_18' title="bbox 212 2777 1232 2891; baseline -0.001 -27"><span class='ocrx_word' id='word_1_105' title='bbox 212 2786 306 2865; x_wconf 89' lang='lat' dir='ltr'>Non</span> <span class='ocrx_word' id='word_1_106' title='bbox 325 2796 477 2891; x_wconf 82' lang='lat' dir='ltr'>coeptae</span> <span class='ocrx_word' id='word_1_107' title='bbox 494 2777 683 2888; x_wconf 75' lang='lat' dir='ltr'>assurgunt</span> <span class='ocrx_word' id='word_1_108' title='bbox 696 2797 826 2875; x_wconf 86' lang='lat' dir='ltr'>turres,</span> <span class='ocrx_word' id='word_1_109' title='bbox 847 2806 923 2884; x_wconf 92' lang='lat' dir='ltr'>non</span> <span class='ocrx_word' id='word_1_110' title='bbox 939 2807 1042 2860; x_wconf 90' lang='lat' dir='ltr'>arma</span> <span class='ocrx_word' id='word_1_111' title='bbox 1056 2781 1232 2890; x_wconf 87' lang='lat' dir='ltr'>juventus</span> 
     </span>
    </p>

    <p class='ocr_par' dir='ltr' id='par_1_19' title="bbox 198 2920 1063 3031">
     <span class='ocr_line' id='line_1_19' title="bbox 198 2920 1063 3031; baseline -0.006 -24"><span class='ocrx_word' id='word_1_112' title='bbox 198 2927 385 3022; x_wconf 83' lang='lat' dir='ltr'>-Exercet,</span> <span class='ocrx_word' id='word_1_113' title='bbox 406 2921 576 3030; x_wconf 77' lang='lat' dir='ltr'>portusve</span> <span class='ocrx_word' id='word_1_114' title='bbox 590 2937 655 3001; x_wconf 93' lang='lat' dir='ltr'>aut</span> <span class='ocrx_word' id='word_1_115' title='bbox 672 2920 951 3031; x_wconf 86' lang='lat' dir='ltr'>propugnacula</span> <span class='ocrx_word' id='word_1_116' title='bbox 962 2920 1063 3002; x_wconf 89' lang='lat' dir='ltr'>bello</span> 
     </span>
    </p>

    <p class='ocr_par' dir='ltr' id='par_1_20' title="bbox 213 3060 1258 3172">
     <span class='ocr_line' id='line_1_20' title="bbox 213 3060 1258 3172; baseline 0 -29"><span class='ocrx_word' id='word_1_117' title='bbox 213 3066 317 3144; x_wconf 88' lang='lat' dir='ltr'>Tuta</span> <span class='ocrx_word' id='word_1_118' title='bbox 331 3077 483 3172; x_wconf 86' lang='lat' dir='ltr'>parant:</span> <span class='ocrx_word' id='word_1_119' title='bbox 513 3060 678 3170; x_wconf 89' lang='lat' dir='ltr'>pendent</span> <span class='ocrx_word' id='word_1_120' title='bbox 697 3088 809 3168; x_wconf 88' lang='lat' dir='ltr'>opera</span> <span class='ocrx_word' id='word_1_121' title='bbox 824 3063 1038 3170; x_wconf 88' lang='lat' dir='ltr'>interrupta,</span> <span class='ocrx_word' id='word_1_122' title='bbox 1058 3060 1258 3171; x_wconf 88' lang='lat' dir='ltr'>minaeque</span> 
     </span>
    </p>

    <p class='ocr_par' dir='ltr' id='par_1_21' title="bbox 215 3199 1421 3310">
     <span class='ocr_line' id='line_1_21' title="bbox 215 3199 1421 3310; baseline -0.002 -26"><span class='ocrx_word' id='word_1_123' title='bbox 215 3203 422 3284; x_wconf 89' lang='lat' dir='ltr'>Murorum</span> <span class='ocrx_word' id='word_1_124' title='bbox 440 3200 620 3308; x_wconf 83' lang='lat' dir='ltr'>ingentes,</span> <span class='ocrx_word' id='word_1_125' title='bbox 636 3217 866 3310; x_wconf 85' lang='lat' dir='ltr'>aequataque</span> <span class='ocrx_word' id='word_1_126' title='bbox 884 3199 1061 3281; x_wconf 83' lang='lat' dir='ltr'>machina</span> <span class='ocrx_word' id='word_1_127' title='bbox 1077 3203 1196 3287; x_wconf 89' lang='lat' dir='ltr'>coelo.</span> <span class='ocrx_word' id='word_1_128' title='bbox 1417 3294 1421 3299; x_wconf 20' lang='lat'><strong>⁴</strong></span> 
     </span>
    </p>

    <p class='ocr_par' dir='ltr' id='par_1_22' title="bbox 216 3340 1288 3454">
     <span class='ocr_line' id='line_1_22' title="bbox 216 3340 1288 3454; baseline -0.004 -29"><span class='ocrx_word' id='word_1_129' title='bbox 216 3347 348 3450; x_wconf 70' lang='lat' dir='ltr'>Quam</span> <span class='ocrx_word' id='word_1_130' title='bbox 365 3340 476 3422; x_wconf 81' lang='lat' dir='ltr'>simul</span> <span class='ocrx_word' id='word_1_131' title='bbox 497 3369 541 3421; x_wconf 89' lang='lat' dir='ltr'>ac</span> <span class='ocrx_word' id='word_1_132' title='bbox 559 3340 623 3423; x_wconf 90' lang='lat' dir='ltr'>tali</span> <span class='ocrx_word' id='word_1_133' title='bbox 635 3341 808 3452; x_wconf 74' lang='lat' dir='ltr'>persensit</span> <span class='ocrx_word' id='word_1_134' title='bbox 826 3340 928 3451; x_wconf 85' lang='lat' dir='ltr'>peste</span> <span class='ocrx_word' id='word_1_135' title='bbox 944 3342 1061 3422; x_wconf 89' lang='lat' dir='ltr'>teneri</span> <span class='ocrx_word' id='word_1_136' title='bbox 1231 3372 1288 3454; x_wconf 85' lang='lat'>90</span> 
     </span>
    </p>

    <p class='ocr_par' dir='ltr' id='par_1_23' title="bbox 220 3475 1288 3592">
     <span class='ocr_line' id='line_1_23' title="bbox 220 3475 1288 3592; baseline -0.007 -21"><span class='ocrx_word' id='word_1_137' title='bbox 220 3487 317 3571; x_wconf 85' lang='lat' dir='ltr'>Cara</span> <span class='ocrx_word' id='word_1_138' title='bbox 346 3484 450 3592; x_wconf 88' lang='lat' dir='ltr'>Jovis</span> <span class='ocrx_word' id='word_1_139' title='bbox 471 3483 623 3591; x_wconf 84' lang='lat' dir='ltr'>conjux,</span> <span class='ocrx_word' id='word_1_140' title='bbox 642 3510 711 3566; x_wconf 90' lang='lat' dir='ltr'>nec</span> <span class='ocrx_word' id='word_1_141' title='bbox 727 3481 870 3564; x_wconf 90' lang='lat' dir='ltr'>famam</span> <span class='ocrx_word' id='word_1_142' title='bbox 885 3482 1026 3566; x_wconf 89' lang='lat' dir='ltr'>obstare</span> <span class='ocrx_word' id='word_1_143' title='bbox 1044 3482 1181 3583; x_wconf 76' lang='lat' dir='ltr'>furori,</span> <span class='ocrx_word' id='word_1_144' title='bbox 1286 3475 1288 3478; x_wconf 60' lang='grc'><strong>’</strong></span> 
     </span>
    </p>

    <p class='ocr_par' dir='ltr' id='par_1_24' title="bbox 220 3625 1147 3736">
     <span class='ocr_line' id='line_1_24' title="bbox 220 3625 1147 3736; baseline -0.001 -26"><span class='ocrx_word' id='word_1_145' title='bbox 220 3629 380 3710; x_wconf 87' lang='lat' dir='ltr'>Talibus</span> <span class='ocrx_word' id='word_1_146' title='bbox 397 3627 609 3736; x_wconf 84' lang='lat' dir='ltr'>aggreditur</span> <span class='ocrx_word' id='word_1_147' title='bbox 622 3627 813 3708; x_wconf 85' lang='lat' dir='ltr'>Venerem</span> <span class='ocrx_word' id='word_1_148' title='bbox 832 3627 999 3706; x_wconf 86' lang='lat' dir='ltr'>Saturnia</span> <span class='ocrx_word' id='word_1_149' title='bbox 1016 3625 1147 3709; x_wconf 73' lang='lat' dir='ltr'>dietis:</span> 
     </span>
    </p>

    <p class='ocr_par' dir='ltr' id='par_1_25' title="bbox 219 3765 1194 3878">
     <span class='ocr_line' id='line_1_25' title="bbox 219 3765 1194 3878; baseline -0.005 -27"><span class='ocrx_word' id='word_1_150' title='bbox 219 3768 531 3878; x_wconf 66' lang='lat' dir='ltr'>Egregiam‘vero</span> <span class='ocrx_word' id='word_1_151' title='bbox 548 3767 701 3849; x_wconf 85' lang='lat' dir='ltr'>laudem</span> <span class='ocrx_word' id='word_1_152' title='bbox 723 3785 761 3846; x_wconf 89' lang='lat' dir='ltr'>et</span> <span class='ocrx_word' id='word_1_153' title='bbox 777 3766 892 3877; x_wconf 87' lang='lat' dir='ltr'>spolia</span> <span class='ocrx_word' id='word_1_154' title='bbox 909 3765 1035 3877; x_wconf 90' lang='lat' dir='ltr'>ampla</span> <span class='ocrx_word' id='word_1_155' title='bbox 1053 3765 1194 3848; x_wconf 83' lang='lat' dir='ltr'>refertis</span> 
     </span>
    </p>

    <p class='ocr_par' dir='ltr' id='par_1_26' title="bbox 223 3910 1297 4134">
     <span class='ocr_line' id='line_1_26' title="bbox 223 3910 1297 4031; baseline 0.002 -39"><span class='ocrx_word' id='word_1_156' title='bbox 223 3911 379 4020; x_wconf 85' lang='lat' dir='ltr'>Tuque,</span> <span class='ocrx_word' id='word_1_157' title='bbox 410 3934 576 4019; x_wconf 87' lang='lat' dir='ltr'>puerque</span> <span class='ocrx_word' id='word_1_158' title='bbox 608 3928 721 4010; x_wconf 62' lang='lat' dir='ltr'>tuum</span> <span class='ocrx_word' id='word_1_159' title='bbox 762 3935 946 4031; x_wconf 80' lang='lat' dir='ltr'>magnum</span> <span class='ocrx_word' id='word_1_160' title='bbox 977 3926 1015 3991; x_wconf 90' lang='lat' dir='ltr'>et</span> <span class='ocrx_word' id='word_1_161' title='bbox 1052 3910 1297 3995; x_wconf 86' lang='lat' dir='ltr'>memorabile</span> 
     </span>
     <span class='ocr_line' id='line_1_27' title="bbox 410 4074 720 4134; baseline 0.013 -5"><span class='ocrx_word' id='word_1_162' title='bbox 410 4074 575 4134; x_wconf 84' lang='lat' dir='ltr'>nomen:</span> <span class='ocrx_word' id='word_1_163' title='bbox 599 4101 602 4105; x_wconf 91' lang='lat'>·</span> <span class='ocrx_word' id='word_1_164' title='bbox 716 4097 720 4101; x_wconf 94' lang='lat'>·</span> 
     </span>
    </p>
   </div>
   <div class='ocr_carea' id='block_1_3' title="bbox 227 4186 1396 4311">
    <p class='ocr_par' dir='ltr' id='par_1_27' title="bbox 227 4186 1396 4311">
     <span class='ocr_line' id='line_1_28' title="bbox 227 4186 1396 4311; baseline 0.003 -34"><span class='ocrx_word' id='word_1_165' title='bbox 227 4186 1146 4311; x_wconf 65' lang='lat' dir='ltr'>Umdolodiuumsseminaelttaduommese</span> <span class='ocrx_word' id='word_1_166' title='bbox 1243 4210 1298 4299; x_wconf 80' lang='lat'>95</span> <span class='ocrx_word' id='word_1_167' title='bbox 1389 4270 1396 4281; x_wconf 87' lang='lat'><em>.</em></span> 
     </span>
    </p>
   </div>
   <div class='ocr_carea' id='block_1_4' title="bbox 0 0 1509 5078">
    <p class='ocr_par' dir='ltr' id='par_1_28' title="bbox 0 0 1509 5078">
     <span class='ocr_line' id='line_1_29' title="bbox 0 0 1509 5078; baseline 0 0"><span class='ocrx_word' id='word_1_168' title='bbox 0 0 1509 5078; x_wconf 95' lang='lat' dir='ltr'> </span> 
     </span>
    </p>
   </div>
  </div>
 </body>
</html>
