2948 5078
427 246 791 440 ursimus.
825 268 1102 439 Lsrsswa·
1173 358 1273 477 2¹3

200 545 406 655 Postquam
434 547 578 657 primus
595 573 701 626 amor
720 544 917 656 deceptam
932 562 1054 628 morte
1070 543 1224 645 fefellit;

197 687 237 767 Si
252 713 330 767 non
344 683 552 796 pertaesum
567 682 723 764 thalami
749 685 952 794 taedaeque
966 684 1111 782 fuissem

197 825 305 906 Huic
325 825 391 904 uni
406 823 651 933 forsan'potui
671 823 912 905 succumbere
925 825 1069 934 culpae.

195 965 323 1074 Anna,
341 961 486 1042 fatebor
504 962 621 1057 enim,
641 962 764 1042 miseri
782 964 865 1072 post
878 961 954 1043 fata
967 961 1112 1043 Sichaei
1215 989 1272 1047 20
1291 966 1298 983 '

195 1102 390 1212 Conjugis,
415 1120 454 1181 et
471 1101 608 1210 sparsos
625 1098 783 1182 fraterna
803 1102 915 1183 caede
935 1104 1103 1198 Penates,
1232 1141 1236 1149 ·

196 1245 307 1324 Solus
331 1241 395 1323 hic
414 1240 559 1323 inflexit
571 1240 705 1339 sensus,
733 1243 981 1354 animumque
1002 1244 1191 1324 labantem

199 1381 370 1494 Impulit.
399 1382 558 1491 agnosco
580 1385 710 1463 veteris
730 1385 881 1494 vestigia
900 1386 1089 1473 flammae.

198 1523 272 1602 Sed
298 1519 395 1602 mihi
413 1521 472 1601 vel
491 1521 599 1603 tellus
614 1541 743 1632 optem
762 1525 862 1634 prius
881 1525 958 1604 ima
975 1524 1151 1628 dehiscat,

198 1662 272 1744 Vel
286 1682 387 1773 pater
399 1665 637 1775 omnipotens
655 1664 777 1772 adigat
789 1693 851 1745 me
863 1665 1025 1748 fulmine
1042 1667 1089 1747 ad
1107 1664 1271 1773 umbras,

196 1804 381 1888 Pallentes
399 1806 552 1887 umbras
568 1806 695 1904 Erebi,
710 1810 936 1916 nostemque
949 1809 1191 1917 profundam,
1212 1806 1268 1889 26

197 1945 299 2025 Ante
324 1944 445 2055 pudor
460 1972 580 2053 quam
607 1962 643 2024 te
661 1946 773 2046 violo,
799 1964 864 2026 aut
876 1966 938 2026 tua
957 1951 1040 2055 jura
1056 1949 1209 2034 resolvo.

197 2081 267 2163 Ille
293 2112 411 2181 meos,
441 2087 584 2195 primus
613 2085 677 2194 qui
696 2114 759 2167 me
777 2085 844 2165 libi
856 2086 996 2194 junxit,
1018 2117 1165 2172 amores

198 2221 376 2307 Abstulit.
409 2223 472 2303 ille
492 2224 627 2305 habeat
643 2225 782 2324 secum,
808 2226 998 2336 servetque
1015 2228 1196 2340 sepulcro.

201 2365 260 2446 Sic
273 2362 384 2446 effata
399 2366 521 2447 smum
542 2367 717 2477 lacrymis
730 2369 900 2481 implevit
911 2369 1063 2454 obortis.
1216 2397 1271 2479 30

198 2509 312 2588 Anna
332 2507 468 2591 refert:
499 2540 524 2590 o
542 2509 625 2590 luce
644 2514 763 2617 nugis
778 2512 912 2589 dilecta
926 2510 1054 2607 sorori,

199 2649 333 2727 Solane
358 2667 536 2758 perpetua
554 2676 724 2729 moerens
737 2651 1073 2757 carperejuventa?

200 2784 244 2866 N
245 2812 288 2864 ec
306 2784 434 2865 dulces
460 2804 577 2883 natos,
596 2787 752 2867 Veneris
769 2813 839 2867 nec
857 2786 1022 2896 praemia
1039 2787 1166 2869 noris?

200 2926 247 3007 Id
265 2927 431 3007 cinerem
451 2945 515 3009 aut
532 2956 659 3009 manes
684 2927 803 3009 credis
827 2955 953 3010 curare
979 2927 1167 3038 sepultos?

203 3064 315 3147 Esto:
348 3093 501 3174 aegram
519 3065 612 3146 nulli
628 3067 820 3176 quondam
846 3065 981 3147 flexere
1002 3067 1152 3162 mariti,
1216 3092 1271 3176 35

201 3205 296 3286 Non
310 3204 465 3313 Libyae,
486 3233 562 3285 non
581 3226 666 3286 ante
689 3209 822 3314 Tyro:
854 3205 1045 3314 despeftus
1065 3206 1204 3303 Iarbas,

202 3341 461 3454 Dutloresque
479 3344 554 3444 alii,
573 3326 667 3455 quos
681 3344 811 3426 Africa
825 3363 919 3424 terra
934 3343 1136 3452 triumphis

204 3485 322 3565 Dives
339 3483 414 3566 alit.
443 3484 627 3595 placitone
647 3486 760 3566 etiam
784 3483 965 3593 pugnabis
978 3484 1124 3564 amori?

204 3627 294 3707 Nec
307 3628 407 3706 venit
427 3629 466 3708 in
486 3646 655 3709 mentem
669 3655 832 3736 quorum
845 3624 1049 3705 consederis
1063 3624 1182 3705 arvis?

206 3767 312 3847 Hinc
326 3767 487 3849 Getulae
507 3769 627 3868 urbes,
643 3795 758 3877 genus
773 3764 1013 3876 insuperabile
1030 3764 1145 3861 bello,
1216 3793 1274 3871 40

206 3908 259 3988 Et
276 3906 472 3989 Numidae
495 3908 651 3991 infraeni
668 3909 836 4017 cingunt,
858 3924 896 3986 et
914 3903 1096 4016 inhospita
1118 3906 1256 4017 Syrtis;

206 4048 315 4129 Hinc
330 4047 469 4129 deserta
486 4047 541 4129 fiti
559 4049 674 4160 regin,
692 4047 838 4157 lateque
855 4046 1017 4128 furentes

208 4188 371 4278 Barcaei.
402 4189 496 4301 quid
511 4187 608 4276 bella
629 4191 738 4298 Tyro
758 4186 942 4299 surgentia
959 4187 1097 4284 dicam,
1243 4230 1246 4234 <

699 4326 732 4411 P
766 4356 788 4441 3
1023 4321 1282 4441 §immanique
1453 4296 1458 4301 ¹
