2948 5078
324 382 1024 483 ⁸Austrinoerul.
1170 427 1258 519 141
1383 387 1388 400 ’

197 592 386 702 Reginam
402 593 608 700 opperiens,
642 589 749 688 dum,
783 617 878 699 quae
895 590 1043 672 fortuna
1063 591 1108 672 fit
1120 592 1216 693 urbi,
1271 632 1274 639 ·

197 728 474 840 Artificumque
493 756 627 810 manus
647 728 741 808 inter
758 728 794 808 se
807 755 1039 838 operumque
1057 726 1225 814 laborem

195 868 371 964 Miratur,
398 868 497 947 videt
514 866 645 948 Iliacas
662 893 710 945 ex
729 864 859 945 ordine
877 893 1031 975 pugnas,
1181 877 1266 979 460

197 1007 372 1116 Bellaque
383 1008 465 1115 jam
482 1006 583 1086 sama
601 1022 725 1084 totum
743 1003 890 1111 vulgata
907 1033 973 1114 per
990 1007 1122 1088 orbern
1132 1048 1146 1106 ς

198 1148 363 1243 Atridas,¹
409 1130 691 1251 Priamumque,
728 1160 766 1224 et
804 1142 952 1224 saevum
991 1145 1175 1228 ambobus
1207 1150 1265 1230 A·

260 1284 429 1406 chillem.

198 1425 399 1522 Constitit;
430 1443 468 1505 et
493 1424 712 1533 lacrymans,
746 1424 842 1529 Qis
864 1425 946 1531 jam
969 1426 1084 1525 locus,
1129 1428 1264 1539 inquit,

261 1563 420 1661 Achate,

198 1708 307 1814 Qae
323 1703 592 1812 regiointerris
604 1701 718 1783 nostri
732 1729 808 1783 non
821 1703 930 1812 plena
944 1703 1104 1790 laboris?
1224 1793 1227 1801 ,

198 1846 259 1927 En
274 1844 455 1925 Priamus.
473 1839 630 1922 sunthic
644 1843 758 1923 etiam
775 1841 838 1923 sua
856 1845 1019 1952 praemia
1033 1844 1154 1942 laudi3
1175 1846 1231 1952 46
1237 1873 1263 1955 5

199 1988 293 2066 Sunt
306 1982 492 2094 lacrymae
505 2011 657 2081 rerum,
678 1999 715 2062 et
728 2001 896 2063 mentem
911 1984 1081 2066 mortalia
1094 2000 1262 2091 tangunt.
1372 1978 1424 2033 θ’·

199 2092 307 2206 ἐοὶνε
323 2144 469 2206 metus:
501 2123 594 2204 feret
608 2121 701 2203 haec
715 2121 880 2230 aliquam
894 2123 962 2203 tibi
977 2124 1080 2205 fama
1096 2123 1264 2208 salutem.
1313 2126 1315 2131 ’
1441 2200 1445 2208 ,

198 2267 259 2347 Sic
277 2267 339 2364 ait,
370 2281 481 2372 atque
500 2262 671 2342 animum
689 2262 833 2371 pistura
845 2264 959 2373 pascit
974 2265 1075 2348 irrani

198 2405 326 2486 Multa
342 2430 510 2513 gemens,
524 2401 701 2513 largoque
719 2401 912 2485 humectat
929 2405 1086 2486 flumine
1103 2406 1265 2492 vultum.

196 2545 385 2655 Namque„
394 2545 553 2640 videbat,
573 2545 627 2624 uti
638 2543 815 2623 bellantes
826 2544 1006 2649 Pergama
1017 2542 1160 2621 circum
1182 2570 1265 2653 470

199 2684 285 2764 Hac
301 2685 472 2790 fugerent
484 2680 603 2774 Graii,
634 2696 817 2786 premeret
828 2680 990 2784 Trojana
1003 2681 1203 2787 juventus;

198 2824 285 2903 Hac
298 2821 475 2929 Phryges,
507 2818 654 2899 instaret
671 2846 780 2900 curru
795 2818 959 2900 cristatus
974 2818 1155 2902 Achilles.

197 2960 285 3043 Nec
303 2959 432 3070 procul
446 2958 537 3039 hinc
551 2956 667 3038 Rhesi
692 2958 807 3040 niveis
823 2960 978 3040 tentoria
995 2959 1085 3039 velis
1112 2998 1115 3003 ·

198 3099 380 3210 Agnoscit
393 3097 600 3208 lacrymans
614 3140 626 3196 ;
660 3100 783 3209 primo
796 3127 891 3209 quae
908 3099 1054 3209 prodita
1071 3097 1204 3178 somno

198 3242 367 3353 Tydides
385 3239 505 3345 multa
519 3241 682 3322 vastabat
697 3240 809 3321 caede
829 3259 1025 3322 cruentus:
1175 3267 1233 3356 47
1239 3267 1263 3350 5

199 3382 455 3492 Ardentesque
472 3385 601 3463 avertit
613 3365 729 3491 equos
743 3381 783 3461 in
799 3381 925 3480 castra,
956 3356 1188 3494 priusquam

198 3523 340 3605 Pabula
359 3523 555 3634 gustassent
570 3524 707 3631 Trojae
727 3504 1000 3633 Xanthumque
1016 3521 1197 3606 bibissent.
1344 3616 1348 3621 ⁴

196 3664 306 3744 Parte
325 3664 396 3744 alia
415 3664 562 3773 fugiens
583 3662 720 3746 amiffis
740 3663 896 3744 Troilus
914 3662 1038 3761 armis,

198 3802 338 3882 Infelix
355 3830 459 3912 puer,
490 3822 601 3912 atque
622 3804 743 3913 impar
762 3803 970 3912 congressus
987 3788 1144 3902 Achilli,

197 3942 332 4021 Fertur
344 3945 459 4050 equis,
488 3971 675 4052 curruque
695 3940 821 4025 haeret
835 3943 1024 4054 resupinus
1043 3942 1156 4041 inani,
1176 3944 1264 4050 480
1374 3966 1378 3975 '

197 4081 297 4163 Lora
314 4099 440 4164 tenens
457 4099 596 4169 tamen.
625 4080 714 4200 huic
739 4084 938 4198 cervixque
961 4110 1167 4196 comaeque
1191 4101 1265 4165 tra·

260 4217 401 4302 huntur

1088 4326 1268 4440 ¹Per
