<?xml version="1.0" encoding="UTF-8"?>
<!DOCTYPE html PUBLIC "-//W3C//DTD XHTML 1.0 Transitional//EN"
    "http://www.w3.org/TR/xhtml1/DTD/xhtml1-transitional.dtd">
<html xmlns="http://www.w3.org/1999/xhtml" xml:lang="en" lang="en">
 <head>
  <title>
</title>
<meta http-equiv="Content-Type" content="text/html;charset=utf-8" />
  <meta name='ocr-system' content='tesseract 3.04.00' />
  <meta name='ocr-capabilities' content='ocr_page ocr_carea ocr_par ocr_line ocrx_word'/>
</head>
<body>
  <div class='ocr_page' id='page_1' title='image "./publiivirgiliim02schegoog_0076.png"; bbox 0 0 2948 5078; ppageno 0'>
   <div class='ocr_carea' id='block_1_1' title="bbox 359 349 1222 456">
    <p class='ocr_par' dir='ltr' id='par_1_1' title="bbox 359 349 1222 456">
     <span class='ocr_line' id='line_1_1' title="bbox 359 349 1222 456; baseline -0.01 -1"><span class='ocrx_word' id='word_1_1' title='bbox 359 349 718 455; x_wconf 76' lang='lat' dir='ltr'>Buconics.</span> <span class='ocrx_word' id='word_1_2' title='bbox 753 351 889 446; x_wconf 81' lang='lat' dir='ltr'>Ecn.</span> <span class='ocrx_word' id='word_1_3' title='bbox 928 352 1010 449; x_wconf 88' lang='lat'>111.</span> <span class='ocrx_word' id='word_1_4' title='bbox 1166 390 1222 456; x_wconf 88' lang='lat'>11</span> 
     </span>
    </p>
   </div>
   <div class='ocr_carea' id='block_1_2' title="bbox 149 555 1228 1512">
    <p class='ocr_par' dir='ltr' id='par_1_2' title="bbox 149 555 1228 781">
     <span class='ocr_line' id='line_1_2' title="bbox 149 555 1228 671; baseline -0.006 -22"><span class='ocrx_word' id='word_1_5' title='bbox 149 568 276 649; x_wconf 74' lang='lat' dir='ltr'>Mser.</span> <span class='ocrx_word' id='word_1_6' title='bbox 308 558 483 671; x_wconf 85' lang='lat' dir='ltr'><strong>Phyllida</strong></span> <span class='ocrx_word' id='word_1_7' title='bbox 499 584 588 639; x_wconf 87' lang='lat' dir='ltr'>arno</span> <span class='ocrx_word' id='word_1_8' title='bbox 606 573 690 639; x_wconf 86' lang='lat' dir='ltr'>ante</span> <span class='ocrx_word' id='word_1_9' title='bbox 707 555 821 639; x_wconf 84' lang='lat' dir='ltr'>alias:</span> <span class='ocrx_word' id='word_1_10' title='bbox 853 583 944 637; x_wconf 86' lang='lat' dir='ltr'>narn</span> <span class='ocrx_word' id='word_1_11' title='bbox 960 583 1026 637; x_wconf 87' lang='lat' dir='ltr'>me</span> <span class='ocrx_word' id='word_1_12' title='bbox 1042 556 1228 642; x_wconf 75' lang='lat' dir='ltr'>discedere</span> 
     </span>
     <span class='ocr_line' id='line_1_3' title="bbox 335 698 461 781; baseline 0 0"><span class='ocrx_word' id='word_1_13' title='bbox 335 698 461 781; x_wconf 86' lang='lat' dir='ltr'>flevit:</span> 
     </span>
    </p>

    <p class='ocr_par' dir='ltr' id='par_1_3' title="bbox 151 833 1042 950">
     <span class='ocr_line' id='line_1_4' title="bbox 151 833 1042 950; baseline -0.01 -23"><span class='ocrx_word' id='word_1_14' title='bbox 151 848 215 944; x_wconf 89' lang='lat' dir='ltr'>Et,</span> <span class='ocrx_word' id='word_1_15' title='bbox 231 842 389 950; x_wconf 91' lang='lat' dir='ltr'>longum</span> <span class='ocrx_word' id='word_1_16' title='bbox 402 837 565 921; x_wconf 87' lang='lat' dir='ltr'>formose</span> <span class='ocrx_word' id='word_1_17' title='bbox 578 837 671 933; x_wconf 88' lang='lat' dir='ltr'>vale,</span> <span class='ocrx_word' id='word_1_18' title='bbox 685 835 780 936; x_wconf 85' lang='lat' dir='ltr'>vale,</span> <span class='ocrx_word' id='word_1_19' title='bbox 795 834 929 944; x_wconf 88' lang='lat' dir='ltr'>inquit,</span> <span class='ocrx_word' id='word_1_20' title='bbox 949 833 1042 918; x_wconf 88' lang='lat' dir='ltr'>Iola.</span> 
     </span>
    </p>

    <p class='ocr_par' dir='ltr' id='par_1_4' title="bbox 152 977 1225 1093">
     <span class='ocr_line' id='line_1_5' title="bbox 152 977 1225 1093; baseline -0.007 -23"><span class='ocrx_word' id='word_1_21' title='bbox 152 979 536 1093; x_wconf 73' lang='lat' dir='ltr'>DamTristclupus</span> <span class='ocrx_word' id='word_1_22' title='bbox 549 979 714 1076; x_wconf 86' lang='lat' dir='ltr'>stabulis,</span> <span class='ocrx_word' id='word_1_23' title='bbox 731 979 885 1059; x_wconf 74' lang='lat' dir='ltr'>araturis</span> <span class='ocrx_word' id='word_1_24' title='bbox 894 977 1064 1087; x_wconf 86' lang='lat' dir='ltr'>frugibus</span> <span class='ocrx_word' id='word_1_25' title='bbox 1072 978 1225 1079; x_wconf 83' lang='lat' dir='ltr'>imbres,</span> 
     </span>
    </p>

    <p class='ocr_par' dir='ltr' id='par_1_5' title="bbox 152 1117 1224 1227">
     <span class='ocr_line' id='line_1_6' title="bbox 152 1117 1224 1227; baseline -0.005 -19"><span class='ocrx_word' id='word_1_26' title='bbox 152 1123 361 1208; x_wconf 85' lang='lat' dir='ltr'>Arboribus</span> <span class='ocrx_word' id='word_1_27' title='bbox 374 1123 500 1205; x_wconf 87' lang='lat' dir='ltr'>venti:</span> <span class='ocrx_word' id='word_1_28' title='bbox 531 1122 639 1202; x_wconf 88' lang='lat' dir='ltr'>nobis</span> <span class='ocrx_word' id='word_1_29' title='bbox 656 1117 901 1227; x_wconf 81' lang='lat' dir='ltr'>Amaryllidis</span> <span class='ocrx_word' id='word_1_30' title='bbox 920 1119 1007 1202; x_wconf 87' lang='lat' dir='ltr'>irae.</span> <span class='ocrx_word' id='word_1_31' title='bbox 1172 1121 1224 1203; x_wconf 82' lang='lat'>81</span> 
     </span>
    </p>

    <p class='ocr_par' dir='ltr' id='par_1_6' title="bbox 154 1256 1202 1369">
     <span class='ocr_line' id='line_1_7' title="bbox 154 1256 1202 1369; baseline -0.009 -22"><span class='ocrx_word' id='word_1_32' title='bbox 154 1266 284 1349; x_wconf 79' lang='lat' dir='ltr'>Meu.</span> <span class='ocrx_word' id='word_1_33' title='bbox 305 1262 429 1344; x_wconf 74' lang='lat' dir='ltr'>Dulce</span> <span class='ocrx_word' id='word_1_34' title='bbox 444 1260 525 1342; x_wconf 83' lang='lat' dir='ltr'>satis</span> <span class='ocrx_word' id='word_1_35' title='bbox 541 1260 692 1358; x_wconf 89' lang='lat' dir='ltr'>humor,</span> <span class='ocrx_word' id='word_1_36' title='bbox 712 1257 871 1369; x_wconf 79' lang='lat' dir='ltr'>depulsis</span> <span class='ocrx_word' id='word_1_37' title='bbox 888 1258 1041 1339; x_wconf 83' lang='lat' dir='ltr'>arbutus</span> <span class='ocrx_word' id='word_1_38' title='bbox 1057 1256 1202 1358; x_wconf 86' lang='lat' dir='ltr'>hoedis,</span> 
     </span>
    </p>

    <p class='ocr_par' dir='ltr' id='par_1_7' title="bbox 153 1396 1138 1512">
     <span class='ocr_line' id='line_1_8' title="bbox 153 1396 1138 1512; baseline -0.009 -26"><span class='ocrx_word' id='word_1_39' title='bbox 153 1406 276 1486; x_wconf 83' lang='lat' dir='ltr'>Lenta</span> <span class='ocrx_word' id='word_1_40' title='bbox 296 1399 386 1481; x_wconf 85' lang='lat' dir='ltr'>salix</span> <span class='ocrx_word' id='word_1_41' title='bbox 399 1398 503 1481; x_wconf 86' lang='lat' dir='ltr'>foeto</span> <span class='ocrx_word' id='word_1_42' title='bbox 519 1398 668 1512; x_wconf 84' lang='lat' dir='ltr'>pecori:</span> <span class='ocrx_word' id='word_1_43' title='bbox 701 1396 800 1478; x_wconf 91' lang='lat' dir='ltr'>mihi</span> <span class='ocrx_word' id='word_1_44' title='bbox 817 1396 913 1478; x_wconf 91' lang='lat' dir='ltr'>solus</span> <span class='ocrx_word' id='word_1_45' title='bbox 922 1398 1138 1506; x_wconf 84' lang='lat' dir='ltr'>Amyntas.-</span> 
     </span>
    </p>
   </div>
   <div class='ocr_carea' id='block_1_3' title="bbox 155 1533 1353 1645">
    <p class='ocr_par' dir='ltr' id='par_1_8' title="bbox 155 1533 1353 1645">
     <span class='ocr_line' id='line_1_9' title="bbox 155 1533 1353 1645; baseline -0.006 -20"><span class='ocrx_word' id='word_1_46' title='bbox 155 1538 373 1625; x_wconf 61' lang='lat' dir='ltr'>Duronio</span> <span class='ocrx_word' id='word_1_47' title='bbox 381 1556 483 1618; x_wconf 80' lang='lat' dir='ltr'>amat</span> <span class='ocrx_word' id='word_1_48' title='bbox 491 1538 667 1636; x_wconf 85' lang='lat' dir='ltr'>nostram,</span> <span class='ocrx_word' id='word_1_49' title='bbox 677 1533 1234 1645; x_wconf 68' lang='lat' dir='ltr'>quamvisestmsticaMusam.</span> <span class='ocrx_word' id='word_1_50' title='bbox 1319 1558 1353 1577; x_wconf 71' lang='lat'><em>²</em></span> 
     </span>
    </p>
   </div>
   <div class='ocr_carea' id='block_1_4' title="bbox 156 1675 1236 3191">
    <p class='ocr_par' dir='ltr' id='par_1_9' title="bbox 156 1675 1232 1788">
     <span class='ocr_line' id='line_1_10' title="bbox 156 1675 1232 1788; baseline -0.005 -22"><span class='ocrx_word' id='word_1_51' title='bbox 156 1681 333 1778; x_wconf 74' lang='lat' dir='ltr'>Pierides,</span> <span class='ocrx_word' id='word_1_52' title='bbox 351 1676 512 1761; x_wconf 79' lang='lat' dir='ltr'>vitulam</span> <span class='ocrx_word' id='word_1_53' title='bbox 530 1678 656 1760; x_wconf 70' lang='lat' dir='ltr'>ledori</span> <span class='ocrx_word' id='word_1_54' title='bbox 675 1676 811 1786; x_wconf 85' lang='lat' dir='ltr'>pascite</span> <span class='ocrx_word' id='word_1_55' title='bbox 828 1675 958 1762; x_wconf 90' lang='lat' dir='ltr'>vestro.</span> <span class='ocrx_word' id='word_1_56' title='bbox 1175 1679 1199 1761; x_wconf 89' lang='lat'>8</span> <span class='ocrx_word' id='word_1_57' title='bbox 1207 1706 1232 1788; x_wconf 84' lang='lat'>5</span> 
     </span>
    </p>

    <p class='ocr_par' dir='ltr' id='par_1_10' title="bbox 156 1815 1235 2059">
     <span class='ocr_line' id='line_1_11' title="bbox 156 1815 1235 1930; baseline -0.006 -25"><span class='ocrx_word' id='word_1_58' title='bbox 156 1823 285 1905; x_wconf 84' lang='lat' dir='ltr'>Mru.</span> <span class='ocrx_word' id='word_1_59' title='bbox 316 1816 441 1901; x_wconf 86' lang='lat' dir='ltr'>Pollio</span> <span class='ocrx_word' id='word_1_60' title='bbox 470 1818 614 1930; x_wconf 87' lang='lat' dir='ltr'>etipse</span> <span class='ocrx_word' id='word_1_61' title='bbox 640 1815 732 1899; x_wconf 82' lang='lat' dir='ltr'>facit</span> <span class='ocrx_word' id='word_1_62' title='bbox 756 1843 853 1898; x_wconf 84' lang='lat' dir='ltr'>nova</span> <span class='ocrx_word' id='word_1_63' title='bbox 877 1818 1067 1900; x_wconf 85' lang='lat' dir='ltr'>carmina:</span> <span class='ocrx_word' id='word_1_64' title='bbox 1100 1817 1235 1929; x_wconf 86' lang='lat' dir='ltr'>pascite</span> 
     </span>
     <span class='ocr_line' id='line_1_12' title="bbox 339 1976 504 2059; baseline -0.012 -17"><span class='ocrx_word' id='word_1_65' title='bbox 339 1976 504 2059; x_wconf 80' lang='lat' dir='ltr'>aumm,</span> 
     </span>
    </p>

    <p class='ocr_par' dir='ltr' id='par_1_11' title="bbox 159 2100 1175 2215">
     <span class='ocr_line' id='line_1_13' title="bbox 159 2100 1175 2215; baseline -0.001 -28"><span class='ocrx_word' id='word_1_66' title='bbox 159 2109 248 2215; x_wconf 86' lang='lat' dir='ltr'>Jam</span> <span class='ocrx_word' id='word_1_67' title='bbox 265 2129 384 2186; x_wconf 89' lang='lat' dir='ltr'>cornu</span> <span class='ocrx_word' id='word_1_68' title='bbox 396 2120 509 2214; x_wconf 84' lang='lat' dir='ltr'>petat,</span> <span class='ocrx_word' id='word_1_69' title='bbox 528 2117 567 2184; x_wconf 87' lang='lat' dir='ltr'>et</span> <span class='ocrx_word' id='word_1_70' title='bbox 587 2100 745 2213; x_wconf 86' lang='lat' dir='ltr'>pedibus</span> <span class='ocrx_word' id='word_1_71' title='bbox 765 2101 832 2211; x_wconf 91' lang='lat' dir='ltr'>qui</span> <span class='ocrx_word' id='word_1_72' title='bbox 849 2101 992 2212; x_wconf 81' lang='lat' dir='ltr'>spargat</span> <span class='ocrx_word' id='word_1_73' title='bbox 1012 2128 1175 2185; x_wconf 79' lang='lat' dir='ltr'>arenam.</span> 
     </span>
    </p>

    <p class='ocr_par' dir='ltr' id='par_1_12' title="bbox 160 2225 1236 2354">
     <span class='ocr_line' id='line_1_14' title="bbox 160 2225 1236 2354; baseline -0.004 -27"><span class='ocrx_word' id='word_1_74' title='bbox 160 2247 250 2327; x_wconf 74' lang='lat' dir='ltr'>DA.</span> <span class='ocrx_word' id='word_1_75' title='bbox 280 2240 362 2340; x_wconf 89' lang='lat' dir='ltr'>Qui</span> <span class='ocrx_word' id='word_1_76' title='bbox 386 2258 438 2338; x_wconf 89' lang='lat' dir='ltr'>te,</span> <span class='ocrx_word' id='word_1_77' title='bbox 455 2239 592 2342; x_wconf 92' lang='lat' dir='ltr'>Polli0,</span> <span class='ocrx_word' id='word_1_78' title='bbox 621 2257 735 2338; x_wconf 86' lang='lat' dir='ltr'>amat,</span> <span class='ocrx_word' id='word_1_79' title='bbox 754 2240 889 2339; x_wconf 87' lang='lat' dir='ltr'>veniat,</span> <span class='ocrx_word' id='word_1_80' title='bbox 920 2259 1053 2352; x_wconf 89' lang='lat' dir='ltr'>quote</span> <span class='ocrx_word' id='word_1_81' title='bbox 1082 2225 1236 2354; x_wconf 87' lang='lat' dir='ltr'>quoque</span> 
     </span>
    </p>

    <p class='ocr_par' dir='ltr' id='par_1_13' title="bbox 201 2379 509 2490">
     <span class='ocr_line' id='line_1_15' title="bbox 201 2379 509 2490; baseline 0.016 -30"><span class='ocrx_word' id='word_1_82' title='bbox 201 2408 204 2417; x_wconf 72' lang='grc'><em>“</em></span> <span class='ocrx_word' id='word_1_83' title='bbox 347 2379 509 2490; x_wconf 85' lang='lat' dir='ltr'>gaudet:</span> 
     </span>
    </p>

    <p class='ocr_par' dir='ltr' id='par_1_14' title="bbox 161 2518 1145 2630">
     <span class='ocr_line' id='line_1_16' title="bbox 161 2518 1145 2630; baseline 0.001 -26"><span class='ocrx_word' id='word_1_84' title='bbox 161 2519 283 2604; x_wconf 90' lang='lat' dir='ltr'>Mella</span> <span class='ocrx_word' id='word_1_85' title='bbox 300 2519 419 2601; x_wconf 85' lang='lat' dir='ltr'>fluant</span> <span class='ocrx_word' id='word_1_86' title='bbox 432 2518 498 2618; x_wconf 92' lang='lat' dir='ltr'>illi,</span> <span class='ocrx_word' id='word_1_87' title='bbox 513 2519 606 2603; x_wconf 88' lang='lat' dir='ltr'>ferat</span> <span class='ocrx_word' id='word_1_88' title='bbox 622 2539 660 2602; x_wconf 89' lang='lat' dir='ltr'>et</span> <span class='ocrx_word' id='word_1_89' title='bbox 677 2521 792 2603; x_wconf 88' lang='lat' dir='ltr'>rubus</span> <span class='ocrx_word' id='word_1_90' title='bbox 810 2523 912 2630; x_wconf 83' lang='lat' dir='ltr'>asper</span> <span class='ocrx_word' id='word_1_91' title='bbox 931 2550 1145 2605; x_wconf 87' lang='lat' dir='ltr'>amomum.</span> 
     </span>
    </p>

    <p class='ocr_par' dir='ltr' id='par_1_15' title="bbox 161 2659 1236 2915">
     <span class='ocr_line' id='line_1_17' title="bbox 161 2659 1236 2766; baseline -0.002 -22"><span class='ocrx_word' id='word_1_92' title='bbox 161 2662 287 2744; x_wconf 69' lang='lat' dir='ltr'>Mer.</span> <span class='ocrx_word' id='word_1_93' title='bbox 320 2661 401 2766; x_wconf 83' lang='lat' dir='ltr'>Qi</span> <span class='ocrx_word' id='word_1_94' title='bbox 419 2661 579 2741; x_wconf 88' lang='lat' dir='ltr'>Bavium</span> <span class='ocrx_word' id='word_1_95' title='bbox 609 2687 687 2742; x_wconf 94' lang='lat' dir='ltr'>non</span> <span class='ocrx_word' id='word_1_96' title='bbox 716 2659 808 2758; x_wconf 92' lang='lat' dir='ltr'>odit,</span> <span class='ocrx_word' id='word_1_97' title='bbox 840 2680 942 2742; x_wconf 90' lang='lat' dir='ltr'>amet</span> <span class='ocrx_word' id='word_1_98' title='bbox 972 2680 1036 2742; x_wconf 91' lang='lat' dir='ltr'>tua</span> <span class='ocrx_word' id='word_1_99' title='bbox 1059 2662 1236 2759; x_wconf 85' lang='lat' dir='ltr'>carmina,</span> 
     </span>
     <span class='ocr_line' id='line_1_18' title="bbox 346 2798 1236 2915; baseline 0.007 -35"><span class='ocrx_word' id='word_1_100' title='bbox 346 2800 508 2882; x_wconf 79' lang='lat' dir='ltr'>Macri:</span> <span class='ocrx_word' id='word_1_101' title='bbox 621 2798 624 2803; x_wconf 43' lang='lat'><strong>⁴</strong></span> <span class='ocrx_word' id='word_1_102' title='bbox 1149 2825 1154 2888; x_wconf 80' lang='grc' dir='ltr'><em>ἴ</em></span> <span class='ocrx_word' id='word_1_103' title='bbox 1179 2832 1236 2915; x_wconf 85' lang='lat'>90</span> 
     </span>
    </p>

    <p class='ocr_par' dir='ltr' id='par_1_16' title="bbox 164 2939 1104 3052">
     <span class='ocr_line' id='line_1_19' title="bbox 164 2939 1104 3052; baseline 0.004 -29"><span class='ocrx_word' id='word_1_104' title='bbox 164 2942 294 3050; x_wconf 84' lang='lat' dir='ltr'>Atque</span> <span class='ocrx_word' id='word_1_105' title='bbox 310 2939 555 3051; x_wconf 85' lang='lat' dir='ltr'>idemjungat</span> <span class='ocrx_word' id='word_1_106' title='bbox 572 2940 716 3052; x_wconf 86' lang='lat' dir='ltr'>vulpes,</span> <span class='ocrx_word' id='word_1_107' title='bbox 733 2958 770 3022; x_wconf 89' lang='lat' dir='ltr'>et</span> <span class='ocrx_word' id='word_1_108' title='bbox 788 2940 954 3050; x_wconf 84' lang='lat' dir='ltr'>mulgeat</span> <span class='ocrx_word' id='word_1_109' title='bbox 971 2941 1104 3027; x_wconf 90' lang='lat' dir='ltr'>hircos.</span> 
     </span>
    </p>

    <p class='ocr_par' dir='ltr' id='par_1_17' title="bbox 166 3079 1195 3191">
     <span class='ocr_line' id='line_1_20' title="bbox 166 3079 1195 3191; baseline 0 -29"><span class='ocrx_word' id='word_1_110' title='bbox 166 3082 298 3165; x_wconf 77' lang='grc' dir='ltr'><strong>ΒΑΜ.</strong></span> <span class='ocrx_word' id='word_1_111' title='bbox 329 3081 410 3181; x_wconf 85' lang='lat' dir='ltr'>Qui</span> <span class='ocrx_word' id='word_1_112' title='bbox 430 3080 551 3191; x_wconf 87' lang='lat' dir='ltr'>legitis</span> <span class='ocrx_word' id='word_1_113' title='bbox 564 3080 686 3181; x_wconf 88' lang='lat' dir='ltr'>flores,</span> <span class='ocrx_word' id='word_1_114' title='bbox 704 3098 743 3162; x_wconf 90' lang='lat' dir='ltr'>et</span> <span class='ocrx_word' id='word_1_115' title='bbox 755 3079 864 3161; x_wconf 89' lang='lat' dir='ltr'>humi</span> <span class='ocrx_word' id='word_1_116' title='bbox 884 3081 1067 3164; x_wconf 85' lang='lat' dir='ltr'>nascentia</span> <span class='ocrx_word' id='word_1_117' title='bbox 1079 3085 1195 3190; x_wconf 85' lang='lat' dir='ltr'>fraga,</span> 
     </span>
    </p>
   </div>
   <div class='ocr_carea' id='block_1_5' title="bbox 20 3216 1239 3332">
    <p class='ocr_par' dir='ltr' id='par_1_18' title="bbox 20 3216 1239 3332">
     <span class='ocr_line' id='line_1_21' title="bbox 20 3216 1239 3332; baseline -0.001 -31"><span class='ocrx_word' id='word_1_118' title='bbox 20 3294 24 3301; x_wconf 93' lang='lat'>.</span> <span class='ocrx_word' id='word_1_119' title='bbox 165 3220 351 3331; x_wconf 84' lang='lat' dir='ltr'>Frigidus,</span> <span class='ocrx_word' id='word_1_120' title='bbox 370 3248 395 3303; x_wconf 90' lang='lat' dir='ltr'>o</span> <span class='ocrx_word' id='word_1_121' title='bbox 415 3221 535 3332; x_wconf 89' lang='lat' dir='ltr'>pueri,</span> <span class='ocrx_word' id='word_1_122' title='bbox 554 3219 674 3327; x_wconf 88' lang='lat' dir='ltr'>sugite</span> <span class='ocrx_word' id='word_1_123' title='bbox 692 3216 795 3315; x_wconf 91' lang='lat' dir='ltr'>hinc,</span> <span class='ocrx_word' id='word_1_124' title='bbox 814 3217 902 3298; x_wconf 87' lang='lat' dir='ltr'>latet</span> <span class='ocrx_word' id='word_1_125' title='bbox 912 3221 1042 3328; x_wconf 85' lang='lat' dir='ltr'>anguis</span> <span class='ocrx_word' id='word_1_126' title='bbox 1056 3222 1095 3301; x_wconf 94' lang='lat' dir='ltr'>in</span> <span class='ocrx_word' id='word_1_127' title='bbox 1112 3220 1239 3303; x_wconf 84' lang='lat' dir='ltr'>herba.</span> 
     </span>
    </p>
   </div>
   <div class='ocr_carea' id='block_1_6' title="bbox 150 3360 1243 3620">
    <p class='ocr_par' dir='ltr' id='par_1_19' title="bbox 150 3360 1243 3620">
     <span class='ocr_line' id='line_1_22' title="bbox 166 3360 1243 3475; baseline 0.002 -30"><span class='ocrx_word' id='word_1_128' title='bbox 166 3365 291 3448; x_wconf 81' lang='lat' dir='ltr'>Meu.</span> <span class='ocrx_word' id='word_1_129' title='bbox 300 3363 445 3445; x_wconf 90' lang='lat' dir='ltr'>Parcite</span> <span class='ocrx_word' id='word_1_130' title='bbox 453 3388 540 3443; x_wconf 83' lang='lat' dir='ltr'>oves</span> <span class='ocrx_word' id='word_1_131' title='bbox 549 3360 714 3443; x_wconf 89' lang='lat' dir='ltr'>nimium</span> <span class='ocrx_word' id='word_1_132' title='bbox 722 3361 939 3472; x_wconf 87' lang='lat' dir='ltr'>procedere:</span> <span class='ocrx_word' id='word_1_133' title='bbox 953 3391 1028 3446; x_wconf 90' lang='lat' dir='ltr'>non</span> <span class='ocrx_word' id='word_1_134' title='bbox 1040 3365 1136 3448; x_wconf 87' lang='lat' dir='ltr'>bene</span> <span class='ocrx_word' id='word_1_135' title='bbox 1144 3365 1243 3475; x_wconf 85' lang='lat' dir='ltr'>ripae</span> 
     </span>
     <span class='ocr_line' id='line_1_23' title="bbox 150 3502 1240 3620; baseline 0.005 -38"><span class='ocrx_word' id='word_1_136' title='bbox 150 3503 364 3587; x_wconf 76' lang='lat' dir='ltr'>‘Crediturr</span> <span class='ocrx_word' id='word_1_137' title='bbox 397 3503 474 3615; x_wconf 90' lang='lat' dir='ltr'>ipse</span> <span class='ocrx_word' id='word_1_138' title='bbox 493 3503 584 3586; x_wconf 87' lang='lat' dir='ltr'>aries</span> <span class='ocrx_word' id='word_1_139' title='bbox 599 3502 714 3585; x_wconf 89' lang='lat' dir='ltr'>etiarn</span> <span class='ocrx_word' id='word_1_140' title='bbox 727 3530 828 3584; x_wconf 88' lang='lat' dir='ltr'>nunc</span> <span class='ocrx_word' id='word_1_141' title='bbox 841 3503 976 3587; x_wconf 88' lang='lat' dir='ltr'>vellera</span> <span class='ocrx_word' id='word_1_142' title='bbox 989 3505 1109 3588; x_wconf 85' lang='lat' dir='ltr'>liccat.</span> <span class='ocrx_word' id='word_1_143' title='bbox 1163 3536 1240 3620; x_wconf 45' lang='lat'>⁴95</span> 
     </span>
    </p>
   </div>
   <div class='ocr_carea' id='block_1_7' title="bbox 167 3645 1205 3761">
    <p class='ocr_par' dir='ltr' id='par_1_20' title="bbox 167 3645 1205 3761">
     <span class='ocr_line' id='line_1_24' title="bbox 167 3645 1205 3761; baseline 0.007 -35"><span class='ocrx_word' id='word_1_144' title='bbox 167 3647 300 3726; x_wconf 76' lang='lat' dir='ltr'>Dans.</span> <span class='ocrx_word' id='word_1_145' title='bbox 332 3646 478 3754; x_wconf 87' lang='lat' dir='ltr'>Tityre,</span> <span class='ocrx_word' id='word_1_146' title='bbox 498 3646 683 3754; x_wconf 79' lang='lat' dir='ltr'>pascentes</span> <span class='ocrx_word' id='word_1_147' title='bbox 702 3674 725 3726; x_wconf 90' lang='lat' dir='ltr'>a</span> <span class='ocrx_word' id='word_1_148' title='bbox 744 3645 901 3729; x_wconf 90' lang='lat' dir='ltr'>llumine</span> <span class='ocrx_word' id='word_1_149' title='bbox 913 3648 1009 3731; x_wconf 86' lang='lat' dir='ltr'>reice</span> <span class='ocrx_word' id='word_1_150' title='bbox 1027 3651 1205 3761; x_wconf 83' lang='lat' dir='ltr'>capellas:</span> 
     </span>
    </p>
   </div>
   <div class='ocr_carea' id='block_1_8' title="bbox 169 3781 1420 3896">
    <p class='ocr_par' dir='ltr' id='par_1_21' title="bbox 169 3781 1420 3896">
     <span class='ocr_line' id='line_1_25' title="bbox 169 3781 1420 3896; baseline 0.012 -35"><span class='ocrx_word' id='word_1_151' title='bbox 169 3781 264 3890; x_wconf 90' lang='lat' dir='ltr'>lpse,</span> <span class='ocrx_word' id='word_1_152' title='bbox 284 3784 350 3866; x_wconf 92' lang='lat' dir='ltr'>ubi</span> <span class='ocrx_word' id='word_1_153' title='bbox 366 3803 517 3896; x_wconf 87' lang='lat' dir='ltr'>tempus</span> <span class='ocrx_word' id='word_1_154' title='bbox 534 3785 617 3883; x_wconf 89' lang='lat' dir='ltr'>erit,</span> <span class='ocrx_word' id='word_1_155' title='bbox 635 3812 766 3867; x_wconf 86' lang='lat' dir='ltr'>omnes</span> <span class='ocrx_word' id='word_1_156' title='bbox 786 3786 943 3868; x_wconf 86' lang='lat' dir='ltr'>insonte</span> <span class='ocrx_word' id='word_1_157' title='bbox 962 3787 1105 3877; x_wconf 86' lang='lat' dir='ltr'>lavabo.</span> <span class='ocrx_word' id='word_1_158' title='bbox 1270 3804 1271 3809; x_wconf 71' lang='lat'>&#39;</span> <span class='ocrx_word' id='word_1_159' title='bbox 1417 3784 1420 3789; x_wconf 54' lang='grc'><em>’</em></span> 
     </span>
    </p>
   </div>
   <div class='ocr_carea' id='block_1_9' title="bbox 171 3921 1245 4179">
    <p class='ocr_par' dir='ltr' id='par_1_22' title="bbox 171 3921 1245 4179">
     <span class='ocr_line' id='line_1_26' title="bbox 171 3921 1245 4040; baseline 0.012 -42"><span class='ocrx_word' id='word_1_160' title='bbox 171 3921 299 4004; x_wconf 72' lang='lat' dir='ltr'>Man.</span> <span class='ocrx_word' id='word_1_161' title='bbox 323 3925 458 4035; x_wconf 86' lang='lat' dir='ltr'>Cogite</span> <span class='ocrx_word' id='word_1_162' title='bbox 469 3954 571 4024; x_wconf 88' lang='lat' dir='ltr'>oves,</span> <span class='ocrx_word' id='word_1_163' title='bbox 586 3927 717 4037; x_wconf 86' lang='lat' dir='ltr'>pueri:</span> <span class='ocrx_word' id='word_1_164' title='bbox 750 3926 777 4009; x_wconf 87' lang='lat' dir='ltr'>fi</span> <span class='ocrx_word' id='word_1_165' title='bbox 798 3926 855 4008; x_wconf 91' lang='lat' dir='ltr'>lac</span> <span class='ocrx_word' id='word_1_166' title='bbox 872 3933 1098 4040; x_wconf 86' lang='lat' dir='ltr'>praeceperit</span> <span class='ocrx_word' id='word_1_167' title='bbox 1113 3929 1245 4028; x_wconf 85' lang='lat' dir='ltr'>aestus,</span> 
     </span>
     <span class='ocr_line' id='line_1_27' title="bbox 172 4061 1245 4179; baseline 0.018 -43"><span class='ocrx_word' id='word_1_168' title='bbox 172 4061 228 4138; x_wconf 95' lang='lat' dir='ltr'>Ut</span> <span class='ocrx_word' id='word_1_169' title='bbox 245 4087 380 4169; x_wconf 92' lang='lat' dir='ltr'>nuper,</span> <span class='ocrx_word' id='word_1_170' title='bbox 392 4062 526 4146; x_wconf 80' lang='lat' dir='ltr'>fmstra</span> <span class='ocrx_word' id='word_1_171' title='bbox 541 4066 780 4176; x_wconf 75' lang='lat' dir='ltr'>pressabimus</span> <span class='ocrx_word' id='word_1_172' title='bbox 797 4067 910 4149; x_wconf 88' lang='lat' dir='ltr'>ubera</span> <span class='ocrx_word' id='word_1_173' title='bbox 928 4069 1074 4179; x_wconf 81' lang='lat' dir='ltr'>palmis.</span> <span class='ocrx_word' id='word_1_174' title='bbox 1189 4100 1245 4178; x_wconf 87' lang='lat'>99</span> 
     </span>
    </p>
   </div>
   <div class='ocr_carea' id='block_1_10' title="bbox 174 4198 1250 4426">
    <p class='ocr_par' dir='ltr' id='par_1_23' title="bbox 174 4198 1250 4426">
     <span class='ocr_line' id='line_1_28' title="bbox 174 4198 1249 4316; baseline 0.007 -34"><span class='ocrx_word' id='word_1_175' title='bbox 174 4202 309 4285; x_wconf 76' lang='lat' dir='ltr'>Dana.</span> <span class='ocrx_word' id='word_1_176' title='bbox 340 4198 465 4299; x_wconf 86' lang='lat' dir='ltr'>Eheu,</span> <span class='ocrx_word' id='word_1_177' title='bbox 483 4232 600 4312; x_wconf 84' lang='lat' dir='ltr'>quam</span> <span class='ocrx_word' id='word_1_178' title='bbox 628 4207 759 4316; x_wconf 85' lang='lat' dir='ltr'>pingui</span> <span class='ocrx_word' id='word_1_179' title='bbox 776 4236 902 4289; x_wconf 85' lang='lat' dir='ltr'>macer</span> <span class='ocrx_word' id='word_1_180' title='bbox 927 4209 981 4290; x_wconf 89' lang='lat' dir='ltr'>est</span> <span class='ocrx_word' id='word_1_181' title='bbox 1009 4209 1107 4291; x_wconf 90' lang='lat' dir='ltr'>mihi</span> <span class='ocrx_word' id='word_1_182' title='bbox 1125 4228 1249 4290; x_wconf 80' lang='lat' dir='ltr'>taurus</span> 
     </span>
     <span class='ocr_line' id='line_1_29' title="bbox 363 4343 1250 4426; baseline 0.003 -4"><span class='ocrx_word' id='word_1_183' title='bbox 363 4343 403 4423; x_wconf 94' lang='lat' dir='ltr'>in</span> <span class='ocrx_word' id='word_1_184' title='bbox 421 4345 532 4425; x_wconf 88' lang='lat' dir='ltr'>ervo!</span> <span class='ocrx_word' id='word_1_185' title='bbox 1140 4346 1250 4426; x_wconf 87' lang='lat' dir='ltr'>Idem</span> 
     </span>
    </p>
   </div>
   <div class='ocr_carea' id='block_1_11' title="bbox 0 0 1510 5078">
    <p class='ocr_par' dir='ltr' id='par_1_24' title="bbox 0 0 1510 5078">
     <span class='ocr_line' id='line_1_30' title="bbox 0 0 1510 5078; baseline 0 0"><span class='ocrx_word' id='word_1_186' title='bbox 0 0 1510 5078; x_wconf 95' lang='lat' dir='ltr'> </span> 
     </span>
    </p>
   </div>
  </div>
 </body>
</html>
