<?xml version="1.0" encoding="UTF-8"?>
<!DOCTYPE html PUBLIC "-//W3C//DTD XHTML 1.0 Transitional//EN"
    "http://www.w3.org/TR/xhtml1/DTD/xhtml1-transitional.dtd">
<html xmlns="http://www.w3.org/1999/xhtml" xml:lang="en" lang="en">
 <head>
  <title>
</title>
<meta http-equiv="Content-Type" content="text/html;charset=utf-8" />
  <meta name='ocr-system' content='tesseract 3.04.00' />
  <meta name='ocr-capabilities' content='ocr_page ocr_carea ocr_par ocr_line ocrx_word'/>
</head>
<body>
  <div class='ocr_page' id='page_1' title='image "./publiivirgiliim02schegoog_0315.png"; bbox 0 0 2948 5078; ppageno 0'>
   <div class='ocr_carea' id='block_1_1' title="bbox 151 293 1196 456">
    <p class='ocr_par' dir='ltr' id='par_1_1' title="bbox 151 293 1196 456">
     <span class='ocr_line' id='line_1_1' title="bbox 151 293 1196 456; baseline 0.001 -15"><span class='ocrx_word' id='word_1_1' title='bbox 151 360 321 456; x_wconf 65' lang='lat' dir='ltr'>-M</span> <span class='ocrx_word' id='word_1_2' title='bbox 407 343 459 440; x_wconf 84' lang='grc' dir='ltr'>Ρ.</span> <span class='ocrx_word' id='word_1_3' title='bbox 493 326 764 437; x_wconf 74' lang='lat' dir='ltr'>Vrnernrr</span> <span class='ocrx_word' id='word_1_4' title='bbox 798 336 1077 442; x_wconf 74' lang='lat' dir='ltr'>Manonrs</span> <span class='ocrx_word' id='word_1_5' title='bbox 1190 293 1196 301; x_wconf 16' lang='grc' dir='ltr'>ἰ</span> 
     </span>
    </p>
   </div>
   <div class='ocr_carea' id='block_1_2' title="bbox 57 543 1321 4456">
    <p class='ocr_par' dir='ltr' id='par_1_2' title="bbox 57 543 1321 4456">
     <span class='ocr_line' id='line_1_2' title="bbox 216 543 1193 658; baseline 0.007 -28"><span class='ocrx_word' id='word_1_6' title='bbox 216 556 327 654; x_wconf 85' lang='lat' dir='ltr'>Quae</span> <span class='ocrx_word' id='word_1_7' title='bbox 352 545 551 658; x_wconf 80' lang='lat' dir='ltr'>postquam</span> <span class='ocrx_word' id='word_1_8' title='bbox 568 560 668 626; x_wconf 83' lang='lat' dir='ltr'>vates</span> <span class='ocrx_word' id='word_1_9' title='bbox 688 543 815 627; x_wconf 81' lang='lat' dir='ltr'>neore</span> <span class='ocrx_word' id='word_1_10' title='bbox 832 544 965 630; x_wconf 85' lang='lat' dir='ltr'>effatus</span> <span class='ocrx_word' id='word_1_11' title='bbox 981 552 1108 634; x_wconf 87' lang='lat' dir='ltr'>amico</span> <span class='ocrx_word' id='word_1_12' title='bbox 1120 553 1193 657; x_wconf 87' lang='lat' dir='ltr'>est,</span> 
     </span>
     <span class='ocr_line' id='line_1_3' title="bbox 215 685 1171 806; baseline 0.007 -32"><span class='ocrx_word' id='word_1_13' title='bbox 215 696 331 781; x_wconf 86' lang='lat' dir='ltr'>Dona</span> <span class='ocrx_word' id='word_1_14' title='bbox 345 688 496 790; x_wconf 87' lang='lat' dir='ltr'>dehinc,</span> <span class='ocrx_word' id='word_1_15' title='bbox 515 716 606 770; x_wconf 86' lang='lat' dir='ltr'>auro</span> <span class='ocrx_word' id='word_1_16' title='bbox 623 687 747 797; x_wconf 77' lang='lat' dir='ltr'>gravia</span> <span class='ocrx_word' id='word_1_17' title='bbox 766 685 938 801; x_wconf 68' lang='lat' dir='ltr'>festoque</span> <span class='ocrx_word' id='word_1_18' title='bbox 956 690 1171 806; x_wconf 86' lang='lat' dir='ltr'>elephanto,</span> 
     </span>
     <span class='ocr_line' id='line_1_4' title="bbox 215 826 1321 971; baseline 0.002 -53"><span class='ocrx_word' id='word_1_19' title='bbox 215 838 383 948; x_wconf 85' lang='lat' dir='ltr'>Imperat</span> <span class='ocrx_word' id='word_1_20' title='bbox 402 830 450 913; x_wconf 87' lang='lat' dir='ltr'>ad</span> <span class='ocrx_word' id='word_1_21' title='bbox 467 856 577 914; x_wconf 80' lang='lat' dir='ltr'>naves</span> <span class='ocrx_word' id='word_1_22' title='bbox 594 828 694 926; x_wconf 88' lang='lat' dir='ltr'>ferri,</span> <span class='ocrx_word' id='word_1_23' title='bbox 711 826 896 941; x_wconf 85' lang='lat' dir='ltr'>stipatque</span> <span class='ocrx_word' id='word_1_24' title='bbox 916 835 1049 918; x_wconf 84' lang='lat' dir='ltr'>carinis</span> <span class='ocrx_word' id='word_1_25' title='bbox 1206 832 1271 954; x_wconf 75' lang='lat'>46</span> <span class='ocrx_word' id='word_1_26' title='bbox 1278 862 1321 971; x_wconf 27' lang='grc' dir='ltr'>’ς’</span> 
     </span>
     <span class='ocr_line' id='line_1_5' title="bbox 215 969 1199 1085; baseline 0.002 -27"><span class='ocrx_word' id='word_1_27' title='bbox 215 977 355 1085; x_wconf 80' lang='lat' dir='ltr'>Ingens</span> <span class='ocrx_word' id='word_1_28' title='bbox 372 989 582 1082; x_wconf 87' lang='lat' dir='ltr'>argentum,</span> <span class='ocrx_word' id='word_1_29' title='bbox 602 969 901 1083; x_wconf 87' lang='lat' dir='ltr'>Dodonaeosque</span> <span class='ocrx_word' id='word_1_30' title='bbox 920 974 1070 1076; x_wconf 87' lang='lat' dir='ltr'>lebetas,</span> <span class='ocrx_word' id='word_1_31' title='bbox 1196 1069 1199 1074; x_wconf 55' lang='grc'><strong>,</strong></span> 
     </span>
     <span class='ocr_line' id='line_1_6' title="bbox 149 1108 1291 1232; baseline 0.002 -34"><span class='ocrx_word' id='word_1_32' title='bbox 149 1160 151 1165; x_wconf 55' lang='lat'>&gt;</span> <span class='ocrx_word' id='word_1_33' title='bbox 213 1113 394 1199; x_wconf 88' lang='lat' dir='ltr'>Loricam</span> <span class='ocrx_word' id='word_1_34' title='bbox 403 1112 610 1196; x_wconf 84' lang='lat' dir='ltr'>consertam</span> <span class='ocrx_word' id='word_1_35' title='bbox 627 1108 763 1212; x_wconf 89' lang='lat' dir='ltr'>hamis,</span> <span class='ocrx_word' id='word_1_36' title='bbox 778 1138 943 1225; x_wconf 87' lang='lat' dir='ltr'>auroque</span> <span class='ocrx_word' id='word_1_37' title='bbox 959 1117 1136 1223; x_wconf 76' lang='lat' dir='ltr'>trilicem,</span> <span class='ocrx_word' id='word_1_38' title='bbox 1285 1225 1291 1232; x_wconf 15' lang='grc' dir='ltr'>ἱ</span> 
     </span>
     <span class='ocr_line' id='line_1_7' title="bbox 214 1250 1203 1368; baseline 0.004 -29"><span class='ocrx_word' id='word_1_39' title='bbox 214 1255 269 1339; x_wconf 85' lang='lat' dir='ltr'>Et</span> <span class='ocrx_word' id='word_1_40' title='bbox 287 1283 429 1339; x_wconf 92' lang='lat' dir='ltr'>conum</span> <span class='ocrx_word' id='word_1_41' title='bbox 450 1253 598 1362; x_wconf 86' lang='lat' dir='ltr'>infignis</span> <span class='ocrx_word' id='word_1_42' title='bbox 616 1251 755 1363; x_wconf 77' lang='lat' dir='ltr'>galeae,</span> <span class='ocrx_word' id='word_1_43' title='bbox 776 1257 977 1368; x_wconf 88' lang='lat' dir='ltr'>cristasque</span> <span class='ocrx_word' id='word_1_44' title='bbox 994 1250 1203 1362; x_wconf 79' lang='lat' dir='ltr'>comantes,</span> 
     </span>
     <span class='ocr_line' id='line_1_8' title="bbox 217 1392 1154 1510; baseline 0.003 -31"><span class='ocrx_word' id='word_1_45' title='bbox 217 1399 340 1479; x_wconf 84' lang='lat' dir='ltr'>Arma</span> <span class='ocrx_word' id='word_1_46' title='bbox 360 1392 619 1507; x_wconf 82' lang='lat' dir='ltr'><strong>Neoptolemi.</strong></span> <span class='ocrx_word' id='word_1_47' title='bbox 651 1394 735 1475; x_wconf 90' lang='lat' dir='ltr'>sunt</span> <span class='ocrx_word' id='word_1_48' title='bbox 751 1413 789 1476; x_wconf 91' lang='lat' dir='ltr'>et</span> <span class='ocrx_word' id='word_1_49' title='bbox 805 1395 869 1478; x_wconf 87' lang='lat' dir='ltr'>sua</span> <span class='ocrx_word' id='word_1_50' title='bbox 885 1399 984 1480; x_wconf 87' lang='lat' dir='ltr'>dona</span> <span class='ocrx_word' id='word_1_51' title='bbox 1001 1400 1154 1510; x_wconf 84' lang='lat' dir='ltr'>parenti.</span> 
     </span>
     <span class='ocr_line' id='line_1_9' title="bbox 218 1535 1308 1658; baseline -0.001 -37"><span class='ocrx_word' id='word_1_52' title='bbox 218 1538 340 1622; x_wconf 84' lang='lat' dir='ltr'><strong>Addit</strong></span> <span class='ocrx_word' id='word_1_53' title='bbox 357 1562 485 1648; x_wconf 84' lang='lat' dir='ltr'>equos,</span> <span class='ocrx_word' id='word_1_54' title='bbox 507 1535 684 1646; x_wconf 89' lang='lat' dir='ltr'>additque</span> <span class='ocrx_word' id='word_1_55' title='bbox 705 1536 831 1620; x_wconf 88' lang='lat' dir='ltr'>duces.</span> <span class='ocrx_word' id='word_1_56' title='bbox 1203 1541 1308 1658; x_wconf 71' lang='lat'>47⁰</span> 
     </span>
     <span class='ocr_line' id='line_1_10' title="bbox 218 1674 1237 1790; baseline 0.007 -30"><span class='ocrx_word' id='word_1_57' title='bbox 218 1674 444 1790; x_wconf 79' lang='lat' dir='ltr'>Remigium</span> <span class='ocrx_word' id='word_1_58' title='bbox 464 1677 633 1789; x_wconf 88' lang='lat' dir='ltr'>supplet:</span> <span class='ocrx_word' id='word_1_59' title='bbox 665 1677 782 1760; x_wconf 91' lang='lat' dir='ltr'>socios</span> <span class='ocrx_word' id='word_1_60' title='bbox 801 1678 912 1760; x_wconf 76' lang='lat' dir='ltr'>simul</span> <span class='ocrx_word' id='word_1_61' title='bbox 943 1679 1090 1764; x_wconf 84' lang='lat' dir='ltr'>instruit</span> <span class='ocrx_word' id='word_1_62' title='bbox 1104 1683 1237 1768; x_wconf 71' lang='lat' dir='ltr'>mmis.</span> 
     </span>
     <span class='ocr_line' id='line_1_11' title="bbox 219 1808 954 1927; baseline -0.004 -24"><span class='ocrx_word' id='word_1_63' title='bbox 219 1815 366 1903; x_wconf 77' lang='lat' dir='ltr'>Idterea</span> <span class='ocrx_word' id='word_1_64' title='bbox 382 1814 534 1898; x_wconf 85' lang='lat' dir='ltr'>claffem</span> <span class='ocrx_word' id='word_1_65' title='bbox 551 1816 641 1897; x_wconf 88' lang='lat' dir='ltr'>velis</span> <span class='ocrx_word' id='word_1_66' title='bbox 666 1834 791 1927; x_wconf 86' lang='lat' dir='ltr'>aptare</span> <span class='ocrx_word' id='word_1_67' title='bbox 798 1808 954 1927; x_wconf 89' lang='lat' dir='ltr'>jubebat</span> 
     </span>
     <span class='ocr_line' id='line_1_12' title="bbox 215 1951 1100 2069; baseline 0.005 -32"><span class='ocrx_word' id='word_1_68' title='bbox 215 1951 411 2055; x_wconf 70' lang='lat' dir='ltr'>menius,</span> <span class='ocrx_word' id='word_1_69' title='bbox 433 1954 537 2037; x_wconf 89' lang='lat' dir='ltr'>fieret</span> <span class='ocrx_word' id='word_1_70' title='bbox 553 1972 664 2036; x_wconf 87' lang='lat' dir='ltr'>vento</span> <span class='ocrx_word' id='word_1_71' title='bbox 678 1983 785 2037; x_wconf 86' lang='lat' dir='ltr'>mora</span> <span class='ocrx_word' id='word_1_72' title='bbox 802 1984 850 2039; x_wconf 91' lang='lat' dir='ltr'>ne</span> <span class='ocrx_word' id='word_1_73' title='bbox 866 1986 942 2069; x_wconf 93' lang='lat' dir='ltr'>qua</span> <span class='ocrx_word' id='word_1_74' title='bbox 957 1957 1100 2041; x_wconf 86' lang='lat' dir='ltr'>serenti.</span> 
     </span>
     <span class='ocr_line' id='line_1_13' title="bbox 212 2088 1252 2209; baseline 0.009 -35"><span class='ocrx_word' id='word_1_75' title='bbox 212 2094 344 2191; x_wconf 86' lang='lat' dir='ltr'>Quem</span> <span class='ocrx_word' id='word_1_76' title='bbox 361 2088 507 2176; x_wconf 87' lang='lat' dir='ltr'>Phoebi</span> <span class='ocrx_word' id='word_1_77' title='bbox 521 2096 698 2204; x_wconf 85' lang='lat' dir='ltr'>interpres</span> <span class='ocrx_word' id='word_1_78' title='bbox 719 2095 842 2176; x_wconf 89' lang='lat' dir='ltr'>multo</span> <span class='ocrx_word' id='word_1_79' title='bbox 855 2094 1057 2209; x_wconf 85' lang='lat' dir='ltr'>compellat</span> <span class='ocrx_word' id='word_1_80' title='bbox 1073 2094 1252 2183; x_wconf 82' lang='lat' dir='ltr'>bonore:</span> 
     </span>
     <span class='ocr_line' id='line_1_14' title="bbox 215 2230 1307 2358; baseline 0.007 -44"><span class='ocrx_word' id='word_1_81' title='bbox 215 2232 405 2342; x_wconf 87' lang='lat' dir='ltr'>Conjugio</span> <span class='ocrx_word' id='word_1_82' title='bbox 419 2230 584 2316; x_wconf 82' lang='lat' dir='ltr'>Anchisa</span> <span class='ocrx_word' id='word_1_83' title='bbox 600 2232 755 2318; x_wconf 85' lang='lat' dir='ltr'>Veneris</span> <span class='ocrx_word' id='word_1_84' title='bbox 769 2234 918 2347; x_wconf 85' lang='lat' dir='ltr'>dignate</span> <span class='ocrx_word' id='word_1_85' title='bbox 936 2236 1107 2350; x_wconf 86' lang='lat' dir='ltr'>superbo,</span> <span class='ocrx_word' id='word_1_86' title='bbox 1202 2269 1272 2356; x_wconf 85' lang='lat'>47</span> <span class='ocrx_word' id='word_1_87' title='bbox 1275 2253 1307 2358; x_wconf 69' lang='lat'><em>3</em></span> 
     </span>
     <span class='ocr_line' id='line_1_15' title="bbox 217 2365 1060 2484; baseline 0.007 -31"><span class='ocrx_word' id='word_1_88' title='bbox 217 2371 321 2454; x_wconf 76' lang='lat' dir='ltr'>eura</span> <span class='ocrx_word' id='word_1_89' title='bbox 336 2365 466 2470; x_wconf 85' lang='lat' dir='ltr'>deum,</span> <span class='ocrx_word' id='word_1_90' title='bbox 485 2372 541 2453; x_wconf 91' lang='lat' dir='ltr'>bis</span> <span class='ocrx_word' id='word_1_91' title='bbox 559 2374 770 2484; x_wconf 83' lang='lat' dir='ltr'>Pergameis</span> <span class='ocrx_word' id='word_1_92' title='bbox 787 2393 912 2484; x_wconf 82' lang='lat' dir='ltr'>erepte</span> <span class='ocrx_word' id='word_1_93' title='bbox 933 2378 1060 2474; x_wconf 86' lang='lat' dir='ltr'>ruinis,</span> 
     </span>
     <span class='ocr_line' id='line_1_16' title="bbox 217 2502 1132 2626; baseline 0.003 -32"><span class='ocrx_word' id='word_1_94' title='bbox 217 2507 325 2596; x_wconf 84' lang='lat' dir='ltr'>Ecce</span> <span class='ocrx_word' id='word_1_95' title='bbox 341 2513 409 2595; x_wconf 92' lang='lat' dir='ltr'>tibi</span> <span class='ocrx_word' id='word_1_96' title='bbox 423 2508 609 2596; x_wconf 81' lang='lat' dir='ltr'>Ausoniae</span> <span class='ocrx_word' id='word_1_97' title='bbox 620 2513 752 2595; x_wconf 86' lang='lat' dir='ltr'>tellus:</span> <span class='ocrx_word' id='word_1_98' title='bbox 777 2502 875 2594; x_wconf 88' lang='lat' dir='ltr'>banc</span> <span class='ocrx_word' id='word_1_99' title='bbox 892 2515 1011 2626; x_wconf 87' lang='lat' dir='ltr'>arripe</span> <span class='ocrx_word' id='word_1_100' title='bbox 1031 2515 1132 2598; x_wconf 89' lang='lat' dir='ltr'>velis.</span> 
     </span>
     <span class='ocr_line' id='line_1_17' title="bbox 217 2651 1197 2764; baseline 0.004 -29"><span class='ocrx_word' id='word_1_101' title='bbox 217 2654 271 2735; x_wconf 90' lang='lat' dir='ltr'>Et</span> <span class='ocrx_word' id='word_1_102' title='bbox 288 2673 413 2736; x_wconf 91' lang='lat' dir='ltr'>tamen</span> <span class='ocrx_word' id='word_1_103' title='bbox 428 2651 526 2735; x_wconf 91' lang='lat' dir='ltr'>hanc</span> <span class='ocrx_word' id='word_1_104' title='bbox 544 2653 675 2762; x_wconf 85' lang='lat' dir='ltr'>pelago</span> <span class='ocrx_word' id='word_1_105' title='bbox 694 2653 956 2764; x_wconf 83' lang='lat' dir='ltr'>praeterlabare</span> <span class='ocrx_word' id='word_1_106' title='bbox 973 2653 1112 2734; x_wconf 81' lang='lat' dir='ltr'>necesse</span> <span class='ocrx_word' id='word_1_107' title='bbox 1128 2653 1197 2741; x_wconf 86' lang='lat' dir='ltr'>est.</span> 
     </span>
     <span class='ocr_line' id='line_1_18' title="bbox 217 2794 1198 2908; baseline 0.004 -32"><span class='ocrx_word' id='word_1_108' title='bbox 217 2798 407 2877; x_wconf 88' lang='lat' dir='ltr'>Ausoniae</span> <span class='ocrx_word' id='word_1_109' title='bbox 426 2824 506 2905; x_wconf 87' lang='lat' dir='ltr'>pars</span> <span class='ocrx_word' id='word_1_110' title='bbox 521 2797 584 2876; x_wconf 88' lang='lat' dir='ltr'>illa</span> <span class='ocrx_word' id='word_1_111' title='bbox 602 2794 746 2905; x_wconf 91' lang='lat' dir='ltr'>procul,</span> <span class='ocrx_word' id='word_1_112' title='bbox 766 2824 882 2905; x_wconf 90' lang='lat' dir='ltr'>quam</span> <span class='ocrx_word' id='word_1_113' title='bbox 900 2797 1028 2907; x_wconf 90' lang='lat' dir='ltr'>pandit</span> <span class='ocrx_word' id='word_1_114' title='bbox 1043 2795 1198 2908; x_wconf 87' lang='lat' dir='ltr'>Apollo.</span> 
     </span>
     <span class='ocr_line' id='line_1_19' title="bbox 218 2938 1307 3052; baseline 0.005 -37"><span class='ocrx_word' id='word_1_115' title='bbox 218 2938 341 3036; x_wconf 87' lang='lat' dir='ltr'>Vade,</span> <span class='ocrx_word' id='word_1_116' title='bbox 368 2940 429 3034; x_wconf 87' lang='lat' dir='ltr'>ait,</span> <span class='ocrx_word' id='word_1_117' title='bbox 460 2967 483 3016; x_wconf 96' lang='lat'>0</span> <span class='ocrx_word' id='word_1_118' title='bbox 506 2939 601 3018; x_wconf 76' lang='lat' dir='ltr'>felix&#39;</span> <span class='ocrx_word' id='word_1_119' title='bbox 622 2940 697 3019; x_wconf 89' lang='lat' dir='ltr'>nati</span> <span class='ocrx_word' id='word_1_120' title='bbox 715 2940 862 3052; x_wconf 88' lang='lat' dir='ltr'>pietate.</span> <span class='ocrx_word' id='word_1_121' title='bbox 890 2941 981 3046; x_wconf 91' lang='lat' dir='ltr'>quid</span> <span class='ocrx_word' id='word_1_122' title='bbox 1002 2940 1098 3019; x_wconf 90' lang='lat' dir='ltr'>ultra</span> <span class='ocrx_word' id='word_1_123' title='bbox 1205 2947 1307 3050; x_wconf 86' lang='lat'>480</span> 
     </span>
     <span class='ocr_line' id='line_1_20' title="bbox 217 3075 1185 3185; baseline -0.001 -25"><span class='ocrx_word' id='word_1_124' title='bbox 217 3075 420 3178; x_wconf 88' lang='lat' dir='ltr'>Provehor‚</span> <span class='ocrx_word' id='word_1_125' title='bbox 439 3097 476 3159; x_wconf 91' lang='lat' dir='ltr'>et</span> <span class='ocrx_word' id='word_1_126' title='bbox 489 3077 604 3158; x_wconf 89' lang='lat' dir='ltr'>fando</span> <span class='ocrx_word' id='word_1_127' title='bbox 621 3078 808 3185; x_wconf 84' lang='lat' dir='ltr'>surgentes</span> <span class='ocrx_word' id='word_1_128' title='bbox 826 3078 1000 3158; x_wconf 88' lang='lat' dir='ltr'>demoror</span> <span class='ocrx_word' id='word_1_129' title='bbox 1015 3078 1185 3161; x_wconf 86' lang='lat' dir='ltr'>austros?</span> 
     </span>
     <span class='ocr_line' id='line_1_21' title="bbox 57 3215 1283 3327; baseline 0.002 -26"><span class='ocrx_word' id='word_1_130' title='bbox 57 3262 61 3269; x_wconf 95' lang='lat'>·</span> <span class='ocrx_word' id='word_1_131' title='bbox 217 3219 306 3302; x_wconf 91' lang='lat' dir='ltr'>Nec</span> <span class='ocrx_word' id='word_1_132' title='bbox 323 3222 448 3300; x_wconf 89' lang='lat' dir='ltr'>minus</span> <span class='ocrx_word' id='word_1_133' title='bbox 461 3215 741 3318; x_wconf 88' lang='lat' dir='ltr'>Andromache,</span> <span class='ocrx_word' id='word_1_134' title='bbox 758 3218 915 3325; x_wconf 75' lang='lat' dir='ltr'>digressu</span> <span class='ocrx_word' id='word_1_135' title='bbox 930 3219 1070 3299; x_wconf 89' lang='lat' dir='ltr'>moesta</span> <span class='ocrx_word' id='word_1_136' title='bbox 1083 3219 1283 3327; x_wconf 88' lang='lat' dir='ltr'>supremo,</span> 
     </span>
     <span class='ocr_line' id='line_1_22' title="bbox 219 3359 997 3471; baseline -0.005 -29"><span class='ocrx_word' id='word_1_137' title='bbox 219 3363 308 3443; x_wconf 86' lang='lat' dir='ltr'>Fert</span> <span class='ocrx_word' id='word_1_138' title='bbox 322 3365 524 3471; x_wconf 72' lang='lat' dir='ltr'>¹pisturatas</span> <span class='ocrx_word' id='word_1_139' title='bbox 547 3363 625 3442; x_wconf 90' lang='lat' dir='ltr'>auri</span> <span class='ocrx_word' id='word_1_140' title='bbox 645 3361 853 3440; x_wconf 90' lang='lat' dir='ltr'>subtemine</span> <span class='ocrx_word' id='word_1_141' title='bbox 871 3359 997 3457; x_wconf 87' lang='lat' dir='ltr'>vestes,</span> 
     </span>
     <span class='ocr_line' id='line_1_23' title="bbox 217 3498 1303 3610; baseline 0 -26"><span class='ocrx_word' id='word_1_142' title='bbox 217 3502 270 3584; x_wconf 90' lang='lat' dir='ltr'>Et</span> <span class='ocrx_word' id='word_1_143' title='bbox 287 3502 491 3610; x_wconf 85' lang='lat' dir='ltr'>Phrygiam</span> <span class='ocrx_word' id='word_1_144' title='bbox 521 3500 682 3583; x_wconf 85' lang='lat' dir='ltr'>Ascanio</span> <span class='ocrx_word' id='word_1_145' title='bbox 714 3498 971 3607; x_wconf 85' lang='lat' dir='ltr'>chlamydem,</span> <span class='ocrx_word' id='word_1_146' title='bbox 997 3526 1068 3580; x_wconf 89' lang='lat' dir='ltr'>nec</span> <span class='ocrx_word' id='word_1_147' title='bbox 1093 3499 1192 3579; x_wconf 91' lang='lat' dir='ltr'>cedit</span> <span class='ocrx_word' id='word_1_148' title='bbox 1217 3500 1303 3584; x_wconf 90' lang='lat' dir='ltr'>ho-</span> 
     </span>
     <span class='ocr_line' id='line_1_24' title="bbox 400 3642 495 3739; baseline -0.021 -17"><span class='ocrx_word' id='word_1_149' title='bbox 400 3642 495 3739; x_wconf 87' lang='lat' dir='ltr'>nori,</span> 
     </span>
     <span class='ocr_line' id='line_1_25' title="bbox 215 3780 1299 3895; baseline 0.005 -35"><span class='ocrx_word' id='word_1_150' title='bbox 215 3784 501 3893; x_wconf 84' lang='lat' dir='ltr'>Textilibusque</span> <span class='ocrx_word' id='word_1_151' title='bbox 523 3801 649 3864; x_wconf 88' lang='lat' dir='ltr'>onerat</span> <span class='ocrx_word' id='word_1_152' title='bbox 666 3783 784 3880; x_wconf 76' lang='lat' dir='ltr'>doniS,</span> <span class='ocrx_word' id='word_1_153' title='bbox 801 3812 843 3863; x_wconf 93' lang='lat' dir='ltr'>ac</span> <span class='ocrx_word' id='word_1_154' title='bbox 861 3781 944 3861; x_wconf 86' lang='lat' dir='ltr'>talia</span> <span class='ocrx_word' id='word_1_155' title='bbox 964 3780 1084 3861; x_wconf 83' lang='lat' dir='ltr'>satur:</span> <span class='ocrx_word' id='word_1_156' title='bbox 1199 3784 1263 3888; x_wconf 87' lang='lat'>48</span> <span class='ocrx_word' id='word_1_157' title='bbox 1273 3817 1299 3895; x_wconf 78' lang='lat'>5·</span> 
     </span>
     <span class='ocr_line' id='line_1_26' title="bbox 216 3910 1302 4031; baseline 0.004 -30"><span class='ocrx_word' id='word_1_158' title='bbox 216 3910 360 4029; x_wconf 75' lang='lat' dir='ltr'>hccipe</span> <span class='ocrx_word' id='word_1_159' title='bbox 395 3941 432 4001; x_wconf 92' lang='lat' dir='ltr'>et</span> <span class='ocrx_word' id='word_1_160' title='bbox 467 3921 571 4019; x_wconf 86' lang='lat' dir='ltr'>haec,</span> <span class='ocrx_word' id='word_1_161' title='bbox 604 3948 788 4002; x_wconf 89' lang='lat' dir='ltr'>manuum</span> <span class='ocrx_word' id='word_1_162' title='bbox 815 3921 885 4000; x_wconf 86' lang='lat' dir='ltr'>tibi</span> <span class='ocrx_word' id='word_1_163' title='bbox 912 3946 1007 4031; x_wconf 88' lang='lat' dir='ltr'>quae</span> <span class='ocrx_word' id='word_1_164' title='bbox 1042 3938 1302 4005; x_wconf 88' lang='lat' dir='ltr'>monumenta</span> 
     </span>
     <span class='ocr_line' id='line_1_27' title="bbox 372 4085 572 4160; baseline 0.015 -22"><span class='ocrx_word' id='word_1_165' title='bbox 372 4085 572 4160; x_wconf 84' lang='lat' dir='ltr'>mearum</span> 
     </span>
     <span class='ocr_line' id='line_1_28' title="bbox 217 4200 1304 4316; baseline 0.006 -35"><span class='ocrx_word' id='word_1_166' title='bbox 217 4200 307 4303; x_wconf 85' lang='lat' dir='ltr'>Sint,</span> <span class='ocrx_word' id='word_1_167' title='bbox 334 4226 439 4316; x_wconf 88' lang='lat' dir='ltr'>puer,</span> <span class='ocrx_word' id='word_1_168' title='bbox 471 4218 508 4279; x_wconf 88' lang='lat' dir='ltr'>et</span> <span class='ocrx_word' id='word_1_169' title='bbox 542 4200 698 4311; x_wconf 87' lang='lat' dir='ltr'>longum</span> <span class='ocrx_word' id='word_1_170' title='bbox 717 4200 1006 4286; x_wconf 83' lang='lat' dir='ltr'>Andromachae</span> <span class='ocrx_word' id='word_1_171' title='bbox 1041 4203 1224 4286; x_wconf 86' lang='lat' dir='ltr'>testentur</span> <span class='ocrx_word' id='word_1_172' title='bbox 1253 4234 1304 4287; x_wconf 83' lang='lat' dir='ltr'>a·</span> 
     </span>
     <span class='ocr_line' id='line_1_29' title="bbox 218 4345 1304 4456; baseline 0.006 -32"><span class='ocrx_word' id='word_1_173' title='bbox 218 4363 221 4368; x_wconf 85' lang='grc'><em>·</em></span> <span class='ocrx_word' id='word_1_174' title='bbox 399 4371 561 4446; x_wconf 88' lang='lat' dir='ltr'>morem,</span> <span class='ocrx_word' id='word_1_175' title='bbox 1107 4345 1304 4456; x_wconf 90' lang='lat' dir='ltr'>Conjugis</span> 
     </span>
    </p>
   </div>
   <div class='ocr_carea' id='block_1_3' title="bbox 0 0 1478 5078">
    <p class='ocr_par' dir='ltr' id='par_1_3' title="bbox 0 0 1478 5078">
     <span class='ocr_line' id='line_1_30' title="bbox 0 0 1478 5078; baseline 0 0"><span class='ocrx_word' id='word_1_176' title='bbox 0 0 1478 5078; x_wconf 95' lang='lat' dir='ltr'> </span> 
     </span>
    </p>
   </div>
  </div>
 </body>
</html>
