2948 5078
446 344 805 434 Aruernos.
845 340 979 432 Lra.
1013 336 1049 432 1.
1177 266 1274 472 rgg

202 540 337 648 Regna
353 542 609 663 Liburnorum
627 559 664 620 et
680 540 827 621 fontem
845 539 1013 650 superare
1032 539 1212 626 Timaviz
1275 600 1278 612 2

202 680 316 760 Unde
333 709 399 791 per
414 709 476 762 ora
490 706 630 760 novem
649 677 751 759 vasto
768 706 859 758 curn
878 697 1071 759 murmure
1092 681 1231 762 montis

201 821 239 900 It
256 887 258 891 ,
276 849 380 904 mare
417 840 655 934 proruptum,
698 836 735 899 et
767 818 899 929 pelago
930 821 1066 930 premit
1095 849 1181 903 arva
1212 796 1272 904 soss

261 964 376 1046 nanti.
1182 992 1204 1047 2
1213 996 1293 1077 50⁴

200 1101 279 1183 Hic
298 1119 424 1183 tamen
445 1101 507 1183 ille
525 1101 659 1181 urbem
671 1100 798 1180 Patavi
816 1100 986 1211 sedesque
1004 1100 1138 1183 locavit

200 1241 452 1342 Teucrorum,
477 1260 515 1322 et
527 1242 628 1350 genti
642 1269 782 1322 nomen
794 1242 909 1339 dedit,
938 1271 1114 1353 armaque
1127 1243 1210 1325 fixit
1267 1316 1283 1353 ².

199 1380 334 1466 Troia.
365 1408 467 1462 nunc
484 1380 628 1490 placida
646 1380 861 1495 compostus
878 1408 969 1491 pace
986 1383 1151 1496 quiescit.
1227 1456 1231 1464 .

199 1519 299 1617 Nos,
336 1538 399 1600 tua
416 1522 620 1630 progenies,
657 1518 752 1599 coeli
770 1520 905 1626 quibus
923 1525 1054 1602 annuis
1070 1550 1207 1618 arcem,

199 1659 370 1742 Navibus
390 1657 624 1771 (infandum)
640 1658 789 1755 amiffis,
824 1660 933 1739 unius
950 1660 1000 1738 ob
1019 1661 1115 1739 iram
1142 1631 1146 1640 ι
1179 1688 1201 1744 2
1210 1691 1232 1771 5
1241 1688 1265 1770 5

200 1797 412 1897 Prodimur,
450 1817 560 1908 atque
578 1797 679 1878 Italis
696 1797 807 1906 longe
825 1798 1071 1915 disjungimur
1089 1799 1174 1882 oris

200 1939 439 2054 Hiclpietatis
458 1938 605 2022 honos?
632 1939 681 2021 fic
699 1967 767 2018 nos
784 1941 823 2019 in
845 1939 983 2049 sceptra
1000 1939 1169 2050 reponis?

199 2078 280 2159 Olli
298 2082 487 2163 subridens
504 2081 707 2162 hominum
725 2078 818 2159 sator
834 2098 944 2187 atque
963 2081 1134 2178 deorum,

198 2217 331 2315 Vultu,
362 2248 440 2328 quo
460 2218 609 2299 coelum
630 2216 931 2327 tempestatesque
950 2217 1100 2322 serenat,

200 2358 337 2438 Oscula
357 2357 484 2439 libavit
501 2377 632 2456 natae5
666 2356 803 2440 dehinc
820 2360 906 2440 talia
921 2359 1043 2441 fatur:
1177 2362 1274 2443 260·
1323 2433 1326 2436 ,

197 2498 312 2579 Parce
325 2520 443 2597 metu,
472 2500 676 2610 Cytherea:
708 2519 861 2580 manent
876 2502 1035 2579 immota
1052 2518 1206 2580 tuorum
1222 2608 1224 2611 Ι

196 2637 288 2717 Fata
305 2640 384 2719 tibi.
416 2668 541 2754 cernes
559 2641 694 2717 urbem
713 2657 749 2718 et
767 2636 939 2754 promissa
956 2636 1088 2714 Lavini
1180 2743 1185 2754 ι
1242 2613 1246 2620 ’

198 2774 366 2872 Moenia,
398 2775 673 2883 sublimemque
690 2774 784 2854 feres
801 2773 848 2852 ad
867 2768 982 2852 fidera
1000 2770 1095 2853 coeli

198 2914 492 3023 Magnanimum
507 2916 678 2994 Aeneam
693 2954 705 3012 3
732 2942 853 3022 neque
868 2942 931 2993 me
949 2913 1125 2994 sententia
1139 2914 1265 3000 vertit,

198 3054 289 3150 Hic,
318 3052 394 3132 tibi
422 3051 529 3133 fabor
560 3053 676 3151 enim,
715 3053 864 3161 quando
900 3050 993 3132 haec
1023 3070 1060 3131 te
1090 3080 1179 3132 cura
1206 3082 1273 3133 re-v

258 3193 418 3291 mordet,
1023 3235 1026 3239 ’
1178 3197 1231 3277 26
1238 3223 1267 3310 5⁴

196 3333 363 3443 Longius
382 3352 419 3413 et
437 3333 586 3413 volvens
604 3332 768 3413 satorum
786 3359 918 3412 arcana
938 3334 1113 3429 movebo,

196 3474 346 3554 Bellum
364 3475 493 3583 ingens
510 3492 612 3580 geret
630 3474 746 3570 Italia,·
776 3473 1005 3583 populosque
1022 3475 1163 3555 feroces
1224 3492 1227 3502 '

196 3614 423 3711 Contundet,
462 3612 655 3722 moresque
669 3615 753 3692 viris
770 3631 807 3693 et
821 3614 970 3693 moenia
986 3631 1125 3722 ponet:

195 3752 326 3832 Tertia
346 3754 440 3834 dum
456 3755 566 3834 Latio
585 3772 801 3862 regnantem
821 3753 953 3832 viderit
970 3753 1096 3849 aestas,

195 3893 398 4002 Ternaque
412 3896 615 3976 transierint
630 3891 779 3975 Rutulis
794 3893 961 4011 hyberna
976 3895 1143 3978 subadtis.
1178 3924 1264 4012 270
1316 3917 1319 3923 '

196 4034 251 4113 At
269 4061 362 4143 puer
375 4034 567 4133 Ascanius,
597 4035 659 4115 cui
675 4064 776 4115 nunc
794 4061 1006 4142 cognomen
1024 4034 1112 4122 Iiilo
1133 4150 1137 4157 Ι

194 4173 373 4276 Additur,
407 4176 503 4289 (llus
519 4194 606 4277 erat,
642 4177 737 4257 dum
750 4205 806 4260 res
823 4175 920 4258 stetit
933 4176 1001 4260 Ilia
1019 4149 1152 4284 regno)
1267 4159 1274 4174 ’

640 4315 681 4396 Κ
702 4345 725 4430 3
1097 4310 1273 4420 Triginta
