2948 5078
409 364 766 457 Asuaruos.
804 350 1016 458 Lian.
1170 397 1263 467 221
1323 412 1327 419 ’

198 565 320 665 Vade,
334 591 415 673 age,
434 581 533 659 nate,
551 589 645 643 voca
659 559 857 671 zephyros,
880 579 918 643 et
935 562 1057 647 labere
1074 569 1225 676 pennis:
1260 624 1264 629 -

198 703 506 813 Dardaniumque
532 701 683 799 ducem,
705 701 824 810 Tyria
844 699 1070 811 Carthagine
1082 709 1150 815 qui
1167 738 1270 792 nune

199 846 412 956 Exspectat,
439 842 593 949 satisque
612 840 713 920 datas
730 867 806 920 non
820 839 967 950 respicit
980 845 1102 949 urbes,
1182 876 1235 935 22
1243 878 1267 962 ς

199 986 428 1093 Alloquere;
459 999 496 1063 et
513 979 648 1061 celeres
665 979 768 1060 deser
793 1008 879 1060 mea
897 982 997 1064 dieta
1011 1013 1077 1094 per
1089 1013 1206 1072 auras.

199 1128 297 1208 Non
315 1122 426 1204 illum
450 1123 559 1203 nobis
572 1122 740 1230 genetrix
753 1119 1006 1230 pulcherrima
1024 1125 1141 1210 talem
1272 1188 1276 1205 .

201 1266 389 1367 Promisit,
419 1265 657 1373 Graiumque
683 1264 768 1351 ideo
786 1264 842 1344 bis
862 1265 1024 1348 vindicat
1043 1271 1178 1353 armis:
1261 1328 1265 1333 -

200 1410 274 1490 Sed
307 1405 400 1500 sore,
430 1404 496 1512 qui
526 1403 717 1512 gravidam
753 1404 930 1514 imperiis,
971 1408 1146 1520 belloque
1194 1408 1271 1493 sre⁴

383 1561 554 1627 mentem

199 1683 347 1768 Italiam
370 1702 524 1794 regeret,
550 1710 667 1794 genus
689 1683 765 1764 alto
783 1713 806 1766 a
826 1685 1002 1794 sanguine
1016 1690 1159 1773 Teucri
1183 1716 1206 1774 2
1213 1718 1268 1806 30

198 1824 387 1923 Proderet,
405 1851 450 1905 ac
477 1842 604 1905 totum
622 1822 689 1904 sub
709 1823 807 1932 leges
834 1825 998 1907 mitteret
1019 1829 1165 1920 orbem.

199 1965 239 2044 Si
258 1963 360 2046 nulla
377 1965 546 2046 accendit
562 1980 747 2045 tantarum
766 1963 883 2072 gloria
898 1994 1039 2068 rerum,

199 2107 286 2189 Nec
315 2106 423 2213 super
440 2105 517 2214 ipse
535 2105 598 2186 sua
616 2103 772 2185 molitur
791 2103 901 2187 laude
924 2106 1113 2209 laborem3

200 2247 408 2329 Ascanione
425 2261 528 2356 pater
543 2246 736 2327 Romanas
756 2246 895 2328 invidet
911 2254 1038 2331 arces?

200 2390 306 2488 Quid
335 2387 475 2469 struit?
503 2408 567 2470 aut
591 2417 669 2499 qua
698 2386 760 2496 spe
796 2387 948 2468 inimica
979 2388 1019 2468 in
1045 2407 1156 2498 gente
1185 2416 1272 2472 mo·-

384 2536 518 2610 ratur?
887 2567 899 2591 ·
1184 2557 1235 2639 23
1245 2556 1270 2639 ς

199 2668 288 2748 Nec
306 2665 452 2773 prolem
471 2663 680 2743 Ausoniam
697 2679 735 2741 et
748 2664 903 2744 Lavinia
926 2665 1072 2776 respicit
1096 2673 1209 2751 arva?

197 2805 374 2913 Naviget.
395 2801 488 2883 haec
505 2802 654 2885 summa
671 2801 750 2899 est3
778 2800 843 2882 hic
855 2803 967 2882 nostri
986 2808 1145 2888 nuncius
1162 2807 1255 2891 esto.

199 2949 369 3030 Dixerat.
401 2943 464 3025 ille
482 2943 593 3054 patris
610 2945 737 3053 magni
753 2972 881 3053 parere
895 2947 1046 3053 parabat

198 3088 365 3198 imperio
381 3116 391 3166 a
421 3103 459 3168 et
474 3087 643 3195 primum
662 3086 818 3196 pedibus
835 3084 960 3166 talaria
975 3090 1091 3168 nectit

200 3231 346 3325 Aurem
360 3254 456 3335 quae
469 3227 671 3307 sublimem
681 3227 761 3323 alis,
776 3226 848 3307 five
865 3253 1027 3335 aequora
1043 3227 1163 3337 supra,
1182 3255 1268 3340 240

200 3370 274 3450 Seu
291 3388 440 3466 terram,
455 3368 586 3478 rapido
606 3369 740 3479 pariter
758 3396 849 3447 cum
867 3366 1018 3448 flamine
1036 3386 1196 3479 portant.

201 3513 311 3593 Tum
323 3511 467 3621 virgam
487 3510 599 3619 capit.
630 3508 702 3589 hac
722 3510 863 3590 animas
881 3507 944 3590 ille
958 3529 1088 3590 evocat
1107 3512 1211 3593 Orco

203 3652 401 3751 Pallentes,
425 3652 513 3732 alias
536 3649 605 3729 sub
618 3649 734 3729 tristia
751 3654 908 3732 Tartara
926 3651 1042 3730 mittit
1057 3692 1070 3748 3

199 3792 279 3873 Dat
297 3791 446 3873 somnos
459 3792 679 3899 adimitque,
698 3808 736 3872 et
756 3791 901 3872 lumina
918 3811 1042 3874 morte
1054 3792 1221 3903 resignat.

200 3928 270 4011 Illa
285 3931 399 4013 fretus
419 3932 496 4040 agit
513 3949 655 4028 ventos,
674 3949 712 4013 et
727 3933 875 4013 turbida
891 3949 1009 4016 tranat
1040 3928 1044 3939 '
1181 3960 1236 4038 24
1242 3961 1265 4044 ς

199 4068 368 4154 Nubila:
395 4071 552 4179 jamque
576 4072 704 4156 'volans
733 4074 880 4184 apicem
921 4092 960 4157 et
1005 4074 1117 4159 latera
1154 4069 1271 4153 ardua

388 4229 508 4292 cernrt

1109 4332 1272 4419 Atlantis
