2948 5078
392 426 400 459 2
476 367 702 471 Harsa
740 394 965 457 oarrr.
1025 450 1029 461 .

197 587 305 652 cente
322 569 435 680 digna
452 541 601 679 possunt
611 567 740 651 videri.
803 568 865 646 De
881 562 963 646 Ciri
980 581 1018 647 et
1034 562 1157 648 Culice
1173 565 1256 646 ma·>

191 713 253 820 jor
271 710 325 791 est
342 685 625 828 controv'erfia(¹
663 775 677 815 ,Ι

260 854 322 932 Ac
343 851 490 961 Virgilii
509 829 670 973 quidga'i
690 846 851 930 essehoc
881 866 1083 958 utrumque
1099 849 1258 961 opuscu-

197 989 282 1070 lum
296 989 481 1070 suaserunt
502 978 630 1071 multis
654 986 776 1068 versus
799 987 946 1096 utrique
972 986 1182 1097 complures
1199 988 1254 1068 as-

199 1132 307 1240 perfi,
335 1131 459 1239 quiin
479 1131 671 1239 Georgicis
687 1148 725 1209 et
742 1128 921 1226 Aeneide,
950 1148 1015 1211 aut
1032 1130 1149 1212 iidem
1172 1131 1259 1212 omi

198 1267 301 1366 nino,
332 1287 394 1347 aut
406 1268 532 1378 paullo
544 1269 749 1350 accuratius
760 1268 878 1348 limati
892 1270 1132 1377 reperiuntur.
1161 1272 1257 1352 Non

200 1407 272 1487 else
286 1425 426 1502 autem,
458 1408 554 1487 mihi
573 1408 762 1517 persuadet
778 1405 892 1514 stylus
910 1411 1051 1490 enervis
1067 1438 1111 1492 ac
1129 1438 1256 1520 vagus,

203 1545 357 1626 obscura
376 1546 563 1647 sententia,
596 1547 743 1625 numeri
760 1545 943 1624 dissoluti:
974 1549 1117 1654 prorsus
1133 1568 1176 1629 ut
1192 1549 1260 1656 qui

201 1700 281 1764 tam
300 1681 444 1762 sordide
457 1679 610 1761 humilis
623 1680 706 1776 fuit,
736 1707 812 1759 non
832 1679 999 1758 videatur
1017 1683 1174 1789 potuisse
1189 1711 1260 1764 un-

200 1848 315 1930 quam
330 1820 376 1898 ad
390 1820 620 1928 perspicuam
635 1816 739 1896 illam
752 1816 1014 1897 Bucolicorum
1026 1822 1256 1923 tenuitatem,

201 1963 324 2043 multo
342 1963 466 2041 minus
490 1963 537 2041 ad
563 1958 793 2070 splendidam
820 1958 1007 2041 Aeneidos
1034 1965 1261 2073 majestatem

202 2101 391 2211 assurgere.
454 2104 553 2182 Bene
581 2102 735 2210 quidem
765 2101 923 2211 Scaliger
941 2102 1076 2184 falsum
1101 2106 1259 2189 demon·

205 2239 303 2338 strat,
333 2242 371 2319 id
390 2241 493 2348 quod
513 2242 552 2320 in
572 2241 645 2319 vita
664 2239 809 2346 Virgilii
821 2238 965 2348 legitur,
992 2240 1162 2353 scripsrsse
1180 2248 1260 2327 Cu··

202 2384 326 2480 licem,
358 2384 588 2493 quicumque
620 2382 772 2462 tandem
795 2381 917 2464 Culex
950 2383 1013 2465 ille
1040 2387 1097 2484 fit,
1145 2417 1260 2473 annos

203 2524 420 2633 quindecim
431 2543 575 2607 natum.
637 2524 787 2632 Quippe
805 2524 935 2604 Statius
959 2525 998 2604 in
1015 2498 1262 2611 Genethliaco

203 2666 360 2761 Lucani,
393 2664 491 2772 Sylv.
523 2665 549 2744 l.
568 2691 606 2746 2.
622 2691 657 2744 v.
674 2693 746 2775 74.
777 2662 924 2744 testatur
936 2665 1136 2749 Lucanum
1148 2668 1262 2779 scrip·
1303 2685 1305 2688 ’

202 2805 280 2886 fille
298 2805 534 2901 Pharsaliam,
565 2819 652 2885 onte
664 2829 773 2883 annos
790 2801 925 2885 Culicis
943 2805 1175 2896 Maronianr'.
1206 2815 1262 2893 At

203 2944 376 3023 Lucanus
398 2943 479 3052 post
494 2941 613 3022 multa
634 2968 746 3049 opera
764 2941 940 3021 ultimam
954 2945 1120 3025 condidit
1142 2948 1263 3028 Phar·

205 3081 345 3175 saliam,
376 3108 534 3188 eamque
557 3107 694 3185 magna
722 3108 769 3158 ex
794 3099 896 3187 parte
914 3082 1195 3164 inemendatam
1205 3114 1264 3166 re-

207 3220 329 3329 liquit,
362 3246 460 3298 anno
478 3246 555 3326 quo
572 3233 741 3296 mortuus
758 3216 810 3296 est
828 3216 951 3296 aetatis
968 3217 1145 3325 vigesimo
1156 3221 1267 3330 septi.

207 3389 286 3442 mo.
351 3357 466 3439 Addo
480 3385 564 3466 ego,
596 3355 767 3437 Culicem
785 3352 901 3450 hunc,
932 3385 1047 3464 quem
1070 3357 1265 3463 habemus,

208 3497 365 3578 Odiavio
384 3497 549 3576 dicatum
562 3493 645 3577 elle.
706 3496 762 3572 At
778 3495 1062 3598 Osiaviustum
1092 3531 1181 3584 cum
1194 3534 1266 3586 nu-

205 3636 372 3720 merabat
388 3634 566 3745 Virgilius
583 3662 726 3716 annum
749 3634 941 3731 decimum
957 3639 1144 3743 quintum,
1191 3644 1266 3753 ipse

206 3792 354 3858 tantum
384 3779 558 3857 octavum
588 3775 775 3882 attigerat:
824 3803 899 3884 qua
926 3794 1052 3875 aetate,
1096 3810 1165 3863 nec
1200 3787 1267 3894 ipsi

213 3923 384 4024 poiimata
401 3914 527 4013 dicari,
559 3943 627 3996 nec
646 3943 690 3996 ea
706 3914 781 3994 dici
793 3914 839 3993 de
862 3916 939 4024 ipso
949 3935 1174 4026 potuerunt}
1223 3944 1267 4008 at

209 4069 265 4153 tu,
297 4053 357 4132 cui
376 4053 517 4135 meritis
531 4053 654 4136 oritur
656 4051 804 4163 fiducia
819 4052 938 4134 tantis
948 4095 961 4153 3
992 4076 1055 4137 aut
1067 4078 1108 4139 ut
1128 4057 1266 4143 habent

207 4189 357 4276 codices
387 4191 462 4294 alii,
492 4207 536 4277 at
552 4201 622 4296 ἀι,
664 4191 727 4276 cui
756 4190 899 4272 meritis
916 4192 1040 4275 oritur
1054 4192 1187 4285 fiducia
1204 4195 1269 4276 ταὶ

763 4357 785 4412 a
818 4358 839 4443 3
1163 4329 1271 4440 stris,
