2948 5078
188 325 219 370 ”
343 334 962 445 Gronercr.L1r.1V.
1108 334 1197 437 ἰιι

18 549 23 554 ’
118 547 520 669 TempusetArcadii
541 536 1175 649 memorandainventamagistri
1347 560 1351 567 ·
1411 527 1417 543 '

119 701 300 801 Pandere,
335 719 489 804 quoque
503 686 622 770 modo
635 682 747 767 caefis
759 683 841 792 jum
854 682 1142 792 ssepejuveneia
1172 724 1184 765 ·.

124 844 329 927 Infincerus
346 860 433 945 aper
451 827 578 912 tulerit
594 818 720 908 eruor.
746 822 856 905 altius
870 849 1030 907 omnem
1114 823 1201 940 285

122 983 348 1095 Expediam,
380 975 503 1084 prima
520 985 690 1101 repetens
707 964 756 1047 ab
776 966 932 1075 origine,
963 965 1122 1052 famem.

123 1128 231 1210 Nam
251 1148 328 1231 qua
349 1113 488 1198 Pellaei
506 1137 598 1220 genu
616 1108 802 1190 fortunata
816 1106 964 1218 Canopi

125 1263 277 1348 Aecolit
294 1256 413 1340 effuso
434 1254 668 1362 stagnantem
687 1248 844 1333 flumine
855 1249 1013 1351 Nilum,
1178 1288 1181 1295 ·

126 1408 180 1486 Et
200 1404 346 1484 circum
366 1394 476 1507 pinis
493 1390 642 1475 vehitur
657 1386 723 1468 sua
742 1366 826 1468 rura
840 1386 1025 1498 phaselim
1150 1398 1153 1403 ’

126 1550 291 1657 Qaque
307 1538 537 1650 pharetratae
553 1530 689 1614 vicinia
701 1529 857 1613 Perfidis
876 1545 995 1639 urget,
1117 1555 1207 1642 ²9⁰
1277 1601 1280 1605 .

124 1688 177 1768 Et
194 1681 355 1765 viridem
372 1680 594 1787 Aegyptum
610 1672 715 1782 nigra
729 1668 931 1753 foecundat
947 1697 1071 1769 arena,

15 1818 17 1823 ⁴
128 1827 183 1907 Et
198 1822 338 1905 diversa
355 1845 466 1903 ruens
481 1816 624 1928 septem
642 1812 811 1894 discurrit
827 1812 869 1894 in
885 1840 953 1896 orn

129 1965 260 2076 Usqne
278 1960 453 2048 coloratio
464 1959 586 2041 amnis
603 1954 768 2036 devexus
790 1954 837 2035 ab
853 1953 984 2037 Indis:

126 2105 266 2186 Omnis
285 2105 324 2184 in
336 2101 410 2195 hac
426 2117 567 2182 certam
582 2097 685 2207 regio
696 2095 789 2204 jacit
805 2111 882 2175 arte
899 2093 1070 2176 salutem.
1181 2102 1185 2107 '

130 2247 302 2352 Exiguus
312 2232 622 2353 primunr,.atque
634 2236 731 2349 ipsos
743 2240 951 2320 cerrenus
965 2234 1012 2318 ad
1022 2232 1108 2318 usur
1121 2259 1178 2346 29
1183 2256 1208 2345 ς

130 2380 293 2488 Eligitur
312 2379 446 2460 locus:
475 2375 579 2459 hunc
593 2375 814 2488 angustique
832 2375 989 2457 imbrice
1003 2376 1093 2457 teeti

133 2517 411 2628 Parietibusque
424 2537 602 2627 premunt
614 2518 735 2616 arelis,
767 2532 805 2594 et
817 2533 976 2622 quatuor
987 2514 1142 2609 addunt,

131 2662 305 2768 Qatuor
321 2660 476 2742 aventis
489 2659 643 2764 obliqua
658 2654 744 2736 luce
757 2654 945 2735 fenestras.

131 2799 243 2879 Turn
256 2797 409 2894 vitulus,
440 2795 544 2877 bima
558 2779 804 2902 curvansjam
824 2820 966 2877 cornua
982 2788 1120 2893 fratte,

19 3042 22 3047 .
131 2916 356 3042 Qaeritur:
374 2933 466 3015 huic
483 2934 657 3043 geminae
677 2960 794 3032 nares,
814 2951 857 3015 et
869 2932 1015 3045 spiritus
1028 2933 1102 3016 oris
1121 2959 1210 3044 geo

132 3075 263 3158 Multa
280 3072 476 3154 relu&anti
493 3072 706 3173 obstruitur,
736 3073 931 3184 plagisque.
942 3088 1140 3182 perempto

133 3214 265 3299 Tunsa
287 3241 353 3325 per
373 3214 559 3324 integram
578 3212 768 3301 solvuntur
787 3214 924 3296 viscera
940 3211 1094 3326 pellem.

135 3359 195 3439 Sic
213 3355 378 3466 pofitum
391 3356 430 3437 in
448 3355 573 3440 clauso
587 3355 763 3466 linquunt
785 3373 824 3439 et
841 3383 967 3439 ramea
984 3351 1095 3439 milit
1184 3380 1186 3385 ·

135 3495 345 3608 subjiciunt
360 3478 582 3606 fragmenta,
613 3493 810 3608 thymum,
840 3497 1025 3608 castasque
1035 3508 1214 3610 recentes.

135 3639 225 3720 Hoc
238 3636 393 3757 geritur,
418 3637 593 3749 zephyris
606 3639 775 3747 primum
787 3637 1069 3748 impellentibus
1084 3633 1215 3734 undas,

136 3781 238 3858 Ante
255 3780 361 3860 novis
377 3778 534 3860 rubeant
549 3806 667 3888 quam
679 3796 783 3889 prata
796 3779 997 3879 coloribus,
1012 3781 1112 3860 ante
1125 3779 1213 3892 306

136 3917 297 3999 Garrula
315 3946 432 4032 quam
450 3920 561 4029 tignis
580 3920 715 4004 nidum
733 3922 928 4034 suspendat
940 3919 1118 4008 hirundo.
1189 3938 1196 3955 '
1357 3948 1370 3965 '

137 4058 284 4140 Interea
303 4061 438 4142 teneris
456 4061 661 4172 tepefatlus
676 4064 718 4147 in
735 4064 874 4150 offibus
889 4062 1034 4186 humor

138 4196 306 4305 Aestuat,⁴
337 4217 377 4286 et
393 4199 542 4291 visenda
560 4203 684 4324 modia
700 4205 875 4294 annualia
891 4205 1010 4311 miris,

343 4371 345 4374 ·
1061 4343 1220 4433 Trunca
1346 4379 1354 4390 ’
