2948 5078
321 383 976 493 .Gaonc-1cA.er.'II.·
1136 384 1204 534 65

122 591 176 682 Et
193 597 375 709 cuiputre
387 598 511 683 solum
527 627 692 708 namque
708 595 785 680 hoc
798 596 1137 684 irnitamurarando
1179 634 1185 640 ·

123 741 284 850 Optima
298 737 507 823 fromentis.
527 770 606 824 non
624 738 705 821 ullo
719 766 769 820 ex
785 765 948 849 aequore
965 763 1093 823 cernes
1108 710 1199 858 aa}

125 881 239 1002 Plura
259 882 422 965 domum
439 884 552 966 tardis
568 881 746 965 decedere
757 879 917 991 plaustra
929 879 1121 992 juvencis:¹

125 1022 209 1104 Aut
225 1023 326 1105 unde
339 1025 452 1106 iratus
463 1023 607 1134 sylvam
626 1021 776 1104 devexit
792 1036 924 1119 arator,

123 1160 176 1244 Et
189 1177 349 1246 nemora
365 1164 495 1245 everrit
511 1163 653 1246 multos
675 1162 807 1270 ignava
829 1188 895 1271 per
911 1168 1047 1263 annos,

123 1301 384 1412 Antiquasque'
401 1304 535 1395 domos
552 1303 682 1385 'avium
698 1328 791 1382 cum
808 1299 982 1411 stirpibus
998 1300 1086 1384 imis

61 1479 65 1489 ·
123 1442 258 1527 Eruit:
288 1440 373 1527 illae
385 1445 506 1527 altum
519 1446 616 1527 nidis
634 1442 773 1556 petiere
786 1440 948 1542 relidis3
1101 1436 1198 1558 atii

124 1582 182 1663 At
199 1583 301 1666 rudis
317 1586 450 1666 enituit
460 1584 623 1696 impulso
639 1604 793 1666 vomere
808 1609 977 1696 campora

10 1823 15 1842 υ
124 1722 234 1806 Nam
240 1727 368 1836 jejuna
383 1727 540 1838 quidem
552 1725 679 1808 clivofi
696 1721 819 1834 glarea
830 1725 922 1805 ruris
992 1716 996 1724 ’

124 1863 204 1948 Vix
222 1864 386 1951 humiles
405 1868 537 1980 apibus
553 1865 663 1950 casus
680 1885 880 1976 roremque
897 1861 1108 1976 miniſtrat}

123 2003 176 2085 Et
192 2005 330 2120 tophus
343 2007 481 2109 scaber,
494 2025 533 2091 et
549 2007 664 2119 nigris
679 2006 785 2089 exesa
802 2004 990 2116 chelydris

121 2144 260 2229 Creta:
291 2166 428 2258 negant
446 2147 539 2231 alios
551 2176 671 2259 aeque
688 2147 914 2257 serpentibus
931 2171 1038 2256 agros
1113 2169 1161 2231 21
1168 2162 1198 2260 ς·

121 2284 293 2369 Dulcem
310 2285 407 2371 ferre
423 2288 571 2395 cibum,
589 2305 628 2375 et
645 2314 776 2371 curvas
792 2289 967 2399 praebere
984 2284 1155 2375 latebras.
1184 2272 1201 2279 '¹

122 2427 233 2538 Qae
250 2445 405 2513 tenuem
423 2429 573 2517 exhalat
590 2429 771 2514 nebulam
783 2427 985 2540 fumosque
998 2429 1186 2528 volucres,

120 2567 174 2649 Et
191 2570 287 2654 bibit
307 2569 526 2672 humorem,
538 2590 590 2671 et,
611 2598 705 2654 cum
718 2566 813 2663 vult,
825 2594 874 2648 ex
882 2568 918 2647 se
931 2568 1007 2675 ipsa
1019 2567 1198 2650 remittit:

120 2709 307 2820 Qaeque
322 2713 388 2794 suo
403 2713 512 2795 viridi
525 2710 672 2822 semper
689 2707 726 2788 se
743 2706 911 2816 gramine
923 2703 1045 2807 vestit,

119 2848 208 2928 Nec
226 2849 345 2931 scabie
363 2870 400 2932 et
413 2850 619 2935 salsalaedit
630 2845 801 2955 rubigine
812 2845 982 2948 ferrum,
1106 2844 1201 2951 ms

120 2986 191 3068 Illa
209 2986 278 3091 tibi
295 2986 398 3069 laetis
415 2991 556 3071 intexet
580 2989 717 3071 vitibus
736 2986 886 3071 ulmosr

120 3124 194 3206 Illa
213 3101 319 3206 ferax
336 3126 421 3209 oleo
440 3127 516 3212 est:
552 3128 659 3210 illam
675 3130 865 3240 experiere
882 3125 1043 3209 colendo

120 3267 174 3348 Et
197 3265 350 3347 facilem
367 3267 506 3381 pecori,
520 3286 558 3350 et
578 3269 781 3380 patientem
798 3267 958 3347 vomeris
975 3265 1078 3347 unci·

119 3405 262 3488 Talem
282 3408 385 3532 dives
398 3426 476 3489 arat
495 3411 641 3521 Capua,
659 3428 698 3491 et
712 3408 835 3490 vicina
851 3406 997 3514 Vesevo

121 3547 202 3629 Ora
213 3548 321 3659 jugo,
338 3567 377 3631 et
387 3552 512 3631 vacuis
524 3550 678 3632 Clanius
697 3579 775 3631 non
781 3558 922 3658 aequus
929 3543 1092 3628 Acerris.
1109 3564 1163 3624 22
1171 3548 1197 3650 ς’

121 3687 255 3786 Nunc,
265 3717 344 3799 quo
360 3717 553 3800 quamque
564 3691 682 3772 modo
693 3689 804 3801 poffis
815 3686 1051 3796 cognoscere,
1060 3681 1198 3762 dicam.

122 3828 224 3910 Rara
241 3828 298 3926 fit,
316 3858 364 3910 an
381 3831 489 3942 supra
502 3858 652 3914 morem
665 3831 693 3912 fi
705 3829 830 3927 densa,
844 3829 1030 3938 requiras:

122 3966 274 4079 (Altera
293 3967 493 4083 frumentis
513 3974 695 4081 quoniam
712 3969 824 4079 favet,
844 3968 957 4050 altera
970 3961 1143 4047 Baccho:

121 4109 260 4208 Densa,
283 4111 407 4220 magis
421 4114 566 4197 Cereri:
597 4113 776 4196 rariffima
791 4137 976 4219 quaeque,
994 4099 1142 4217 Lyaeo)

122 4251 227 4370 dote
246 4250 378 4339 locum
397 4255 522 4375 capies
540 4255 674 4355 oculis,
689 4253 838 4366 alteque
846 4247 996 4370 jubebis
1117 4266 1206 4354 230
