2948 5078
328 352 681 444 Gaouotcrl.
730 345 864 440 Ltn.
898 344 936 440 1.
1118 385 1186 482 43

182 552 313 636 Prima
325 554 439 635 Ceres
455 549 554 632 serro
570 547 744 630 mortales
758 566 899 632 vertere
916 564 1053 633 terram

121 691 307 777 ltdiituit:
337 718 429 773 cum
438 700 521 796 jam
542 687 695 800 glandes
716 705 830 798 atque
845 689 976 769 arbuta
988 689 1110 775 sacrae

123 831 338 917 Deficerent
353 831 486 940 sylvae,
506 849 545 911 et
564 829 707 909 vidium
727 829 891 911 Dodona
910 848 1072 938 negaret.

122 975 224 1056 Mox
237 971 767 1056 etftornentislaboradditus:
785 967 1089 1052 utmalaculmoa
1109 999 1193 1085 150

122 1115 224 1198 Effet
238 1114 385 1222 rubigo,
405 1112 594 1222 segnisque
606 1110 772 1193 horreret
790 1111 830 1190 io
843 1111 936 1191 arvia

123 1255 305 1337 Carduut.
335 1253 519 1334 intereunt
534 1252 691 1361 segetes;
709 1252 807 1333 subit
823 1251 947 1362 aspera
960 1249 1073 1359 sylva,
1191 1312 1194 1318 -

123 1395 361 1504 Lappaeque,
379 1392 603 1502 tribulique:
635 1393 805 1502 interque
823 1392 976 1472 nitentia
992 1391 1093 1473 culta

44 1584 47 1589 -
124 1530 265 1610 Infelix
277 1529 469 1609 lolitun'et
484 1526 620 1609 steriles
637 1528 875 1609 dominantur
890 1556 1038 1613 avenae.

127 1669 245 1778 Qod
262 1669 332 1751 nid
348 1685 386 1751 et
403 1668 551 1757 assiduis
567 1686 703 1748 terram
723 1668 942 1749 inseftabere
956 1669 1090 1767 rastris,
1112 1697 1128 1753 r
1146 1696 1195 1787 ¹:5-

126 1811 179 1892 Et
195 1808 315 1891 sonitu
334 1807 484 1890 terrebis
495 1834 600 1916 aves,
619 1824 656 1888 et
673 1808 767 1888 ruris
784 1808 892 1918 opaci

127 1949 238 2034 Falce
254 1977 402 2061 premes
419 1949 583 2047 umbrat,
604 1947 770 2057 votisque
797 1950 982 2029 vocaveris
1010 1949 1197 2030 imbrem:
1321 2008 1325 2013 -

129 2092 233 2188 Heu,
262 2087 612 2200 magnumalterius
632 2087 767 2169 frustra
784 2088 961 2199 spectabis
978 2116 1168 2186 acervum,

128 2231 387 2339 Concuffique
399 2230 543 2312 famem
561 2231 601 2311 in
614 2228 728 2339 sylvis
744 2229 905 2312 solabere
923 2260 1076 2342 quercu.

192 2371 1101 2484 Dicendum,etquaefintdurisagrcstibusarma2
1120 2378 1199 2460 160

131 2511 249 2620 Qis
267 2509 354 2607 fine,
372 2539 447 2592 nec
459 2530 612 2623 potuere
624 2511 705 2609 scri,
718 2539 789 2594 nec
800 2513 947 2621 surgere
961 2514 1104 2600 messes.

131 2650 280 2746 vomis,
297 2667 335 2732 et
347 2649 475 2733 infler'ti
491 2653 661 2761 primum
672 2676 782 2758 grave
799 2650 915 2751 robur
931 2652 1052 2748 aratri,

103 2806 110 2821 ’
131 2790 332 2899 Tardaque
346 2789 538 2872 Eleufinae
555 2790 682 2873 matris
699 2788 886 2869 volventia
900 2788 1072 2901 plaustra,

134 2929 381 3039 Tribulaque,
400 2930 635 3042 traheaeque,
654 2947 692 3010 et
707 2929 839 3040 iniquo
854 2933 1018 3042 pondere
1034 2930 1161 3014 raſtri:

134 3072 269 3180 Virgea
287 3089 474 3184 praeterea
490 3071 594 3151 Celei
610 3070 764 3178 vilisque
776 3069 956 3179 supellex,
1116 3071 1167 3153 16
1173 3097 1199 3180 5

134 3213 323 3292 Arbuteac
335 3225 463 3303 crates,
482 3228 519 3289 et
541 3207 701 3318 mystica
713 3236 854 3290 vannus
871 3208 1012 3292 Iacchi.

135 3350 276 3430 Omnia
294 3375 389 3457 quae
404 3346 526 3429 multo
542 3362 627 3429 ante
649 3373 798 3431 memor
813 3349 958 3460 prouisa
972 3373 1139 3462 repones,

136 3489 173 3568 si
191 3507 227 3570 te
239 3489 351 3595 digna
370 3507 497 3573 manet
513 3488 628 3571 divini
646 3485 763 3599 gloria
774 3489 880 3576 ruris.

135 3630 324 3708 Continuo
338 3628 380 3708 in
398 3627 506 3737 sylvis
525 3655 664 3739 magna
678 3629 723 3735 ui
734 3627 840 3712 ‘flexa
862 3632 1039 3713 domatur
1196 3630 1200 3637 ’

136 3769 183 3848 ln
195 3768 333 3868 burim,
355 3788 393 3850 et
409 3768 694 3853 cur'vi'formam
705 3771 839 3882 accipit
852 3772 978 3855 ulmus
990 3756 1200 3886 aratri.17o
1216 3754 1218 3759 ¹

137 3907 858 4024 Huicastirpepedeetemoprotentus
879 3914 1036 4011 inodo,
1201 3900 1204 3911 Α

20 4048 62 4123 Ι
136 4046 251 4130 Binae
268 4075 383 4147 aurea,
401 4048 544 4159 duplici
559 4069 731 4162 aptantur
747 4052 907 4135 dentalia
923 4053 1044 4136 dorso.
1198 4116 1201 4121 ,

10 4274 25 4331 t
137 4186 315 4273 Caeditur
332 4204 370 4271 et
381 4186 462 4274 tilia
475 4191 660 4312 antejago
672 4191 775 4297 levis,
794 4192 940 4313 altaque
957 4193 1077 4304 fagus,

193 4377 201 4385 -
1021 4328 1207 4434 savoque,
1248 4406 1251 4413 .
