2948 5078
221 298 226 305 ’
310 306 375 441 16
496 300 549 397 P.
586 301 863 401 thnturr·
897 301 1172 401 Maaonrs

311 499 430 585 Mor.
460 498 532 581 Sed
543 514 586 579 tu
602 498 724 581 define
737 497 857 611 plura,
873 526 986 609 puer:
1013 499 1249 585 succeffimus
1261 520 1378 591 antro,

308 641 536 729 Extinuum
556 640 765 754 Nymphae
782 641 925 723 crudeli
938 642 1067 727 funere
1087 644 1286 756 Daphnim
1319 675 1375 734 20

311 782 491 868 Flebant:
522 810 589 863 vos
604 783 722 893 coryli
732 782 855 886 testes,
886 802 924 865 et
938 782 1110 883 flumina,
1125 784 1346 899 Nymphis:

309 927 429 1025 Cum,
450 924 649 1036 complexa
666 924 720 1007 sui
737 952 871 1039 corpus
884 923 1088 1006 miserabile
1102 926 1192 1024 nati,

313 1070 445 1177 Atque
461 1067 565 1148 Deos
579 1083 690 1174 atque
707 1063 800 1147 astra
819 1081 928 1145 vocat
945 1066 1110 1148 crudelia
1126 1081 1258 1148 mater.

311 1206 410 1291 Non
422 1205 490 1289 ulli
507 1203 629 1317 pastos
647 1204 719 1289 illis
736 1231 845 1314 egere
862 1204 993 1287 diebus

286 1359 288 1363 ’
310 1345 476 1455 Frigida,
509 1342 826 1454 Daphnipboves
840 1342 886 1423 ad
908 1341 1085 1439 flumina:
1134 1339 1240 1423 nulla
1257 1367 1380 1450 neque

495 1510 652 1587 mim
790 1542 833 1569 ···
867 1574 873 1597 .
1057 1512 1060 1517 ’
1171 1508 1181 1525 ‘
1324 1508 1379 1592 25

312 1625 464 1714 Libavit
479 1623 706 1739 quadrupes,
738 1654 810 1715 nec
821 1626 1009 1739 ,graminis
1026 1625 1148 1737 attigit
1159 1623 1332 1721 herbam.

312 1765 485 1878 Daphni,
516 1784 632 1863 tuum
647 1766 927 1865 Poenos-etiarn
936 1764 1157 1874 ingemuisse
1173 1763 1300 1845 leones

190 1876 196 1889 ι
312 1908 527 2005 interitum,
552 1888 777 2015 ¹monttisque
795 1905 866 1986 feri
885 1905 1068 2015 silvaeque
1076 1903 1303 2014 loquuntur.

313 2045 492 2161 Daphnis
502 2065 542 2147 et
558 2046 758 2129 Armenias
775 2045 1124 2155 curru-subjungere
1141 2042 1254 2153 tigres

89 2130 93 2137 ·
164 2170 167 2175 ⁴
312 2189 496 2274 Instituit:
527 2186 702 2300 Daphnis
721 2185 856 2271 thiasos
881 2187 1056 2269 inducere
1073 2183 1237 2283 Baccho,
1324 2210 1381 2295 30

314 2319 368 2415 Et
387 2330 487 2417 foliis
502 2328 989 2431 lentasintexerernollibus
1009 2318 1141 2412 hallas

316 2471 416 2553 Vitis
432 2489 476 2571 ut
487 2466 681 2563 arboribus
690 2469 824 2551 'decori
836 2467 904 2569 est¹
932 2487 975 2561 ut
995 2468 1132 2549 vitibus
1146 2493 1254 2567 uvae,

206 2586 216 2593 ’
322 2604 379 2694 Ut
396 2611 569 2722 gregibus
581 2610 694 2711 tauri,
722 2610 858 2721 segetes
872 2627 915 2692 ut
936 2609 1138 2721 pinguibus
1154 2610 1273 2707 arvis3

317 2754 387 2835 Tu
404 2755 517 2836 decus
536 2781 652 2835 omne
669 2755 760 2836 tuis:
791 2752 990 2864 postquam
1005 2769 1041 2832 te
1054 2753 1129 2849 fata
1145 2751 1322 2846 tulerunt,

317 2894 402 3005 Ipsa
420 2893 528 2975 Pales
545 2920 664 3000 agros,
694 2911 807 3004 atque
821 2893 896 3003 ipse
909 2892 1059 3002 reliquit
1076 2891 1231 3002 Apollo.
1327 2919 1381 3003 35

316 3033 485 3115 Grandia
503 3031 608 3142 saepe
620 3034 756 3143 quibus
773 3008 1032 3113 mandavinius
1050 3030 1191 3114 hordea
1210 3029 1332 3127 sulcis,

318 3173 457 3255 infelix
470 3170 619 3273 lolium,
658 3190 698 3254 et
712 3172 850 3257 steriles
864 3172 1105 3255 dominantur
1116 3200 1265 3256 avenae.

319 3315 395 3397 Pro
409 3312 518 3396 molli
532 3312 644 3416 violas
672 3342 743 3425 pro
759 3338 946 3425 purpureo
958 3313 1126 3410 nareiffo,

319 3455 489 3537 Carduus
506 3470 544 3534 et
561 3454 673 3562 spinis
688 3434 801 3562 surgit
818 3454 981 3564 paliurus
1000 3456 1128 3537 acutis.

320 3593 486 3704 Spargite
498 3590 666 3676 humum
676 3593 963 3680 soliissinducite
975 3595 1141 3685 fontibus
1154 3596 1386 3709 umbras,4o

319 3734 507 3817 Pastores:
539 3733 697 3817 mandat
709 3733 791 3817 fieri
807 3733 874 3816 fibi
893 3736 978 3819 talia
998 3736 1185 3849 Dapluiis.

319 3875 372 3956 Et
389 3872 583 3954 tumulum
601 3874 724 3972 facite,
757 3891 794 3956 et
809 3874 962 3959 tumulo
974 3875 1204 3988 superaddite
1221 3901 1389 3965 carmen.

319 4011 494 4122 Daphnis
514 4040 575 4119 ego
593 4014 635 4094 in
640 4013 777 4125 sylvis,
808 4013 895 4098 hinc
912 4015 1019 4128 respue
1036 4014 1089 4100 ad
1089 4015 1216 4127 fidem
1236 4030 1356 4115 notus,

319 4152 474 4264 Formost
481 4152 624 4266 pecoris
645 4151 766 4262 ctesias,
788 4155 983 4264 formaster
1003 4154 1088 4270 ipse.

721 4330 726 4341 ·
1259 4294 1386 4378 Mau.
