2948 5078
363 396 738 489 Gu-oucrcn.
775 391 909 489 Lru.
943 395 1008 492 ΙΙ.
1161 432 1241 533 77

165 600 310 682 Interea
324 596 451 680 dulces
465 597 630 708 pendent
647 596 794 678 circum
812 594 937 678 oscula
955 597 1059 681 nati:

164 738 275 820 Casta
284 715 505 849 pudicitiam
524 736 640 819 servat
653 735 812 820 domus:
845 735 960 817 ubera
971 763 1107 822 vaccae

164 879 303 959 Laden
319 876 544 959 demittunt:
576 875 805 986 pinguesque
819 875 1036 985 ingramine
1046 877 1144 962 laeto
1155 902 1243 1000 525

165 1019 268 1099 Inter
278 1014 314 1097 se
326 1016 484 1098 adverfis
498 1014 686 1095 luctantur
700 1011 875 1099 cornibus
893 1012 1022 1101 hoedi.

161 1145 249 1268 ‘Ipse
264 1156 342 1236 dies
356 1155 469 1264 agitat
484 1151 616 1236 festos:
647 1153 824 1266 fususque
841 1184 909 1268 per
922 1154 1094 1257 herbam,

163 1288 268 1409 Ignis
284 1297 351 1377 ubi
363 1297 405 1378 in
423 1297 565 1400 medio,
579 1314 617 1377 et
628 1296 717 1378 socii
734 1315 874 1379 cratera
886 1316 1080 1399 coronant,

167 1441 230 1520 Te
257 1439 387 1535 libans,
414 1438 575 1537 Lenaee,
594 1456 726 1520 vocat:
763 1435 979 1550 pecorisque
1006 1436 1188 1551 magistris

167 1577 443 1687 Velocisjaculi
463 1576 666 1658 certamina
678 1577 838 1688 ponitin
852 1576 974 1677 ulmo,
1099 1604 1105 1610 ·
1159 1608 1183 1694 ς
1190 1608 1246 1694 30

168 1723 414 1831 Corporaque
431 1718 565 1830 agresti
579 1718 696 1801 nudat
713 1718 893 1830 praedura
904 1719 1096 1830 palaestra.

167 1863 282 1944 Hanc
299 1862 395 1943 olim
413 1878 552 1946 veteres
571 1862 688 1944 vitam
702 1861 851 1945 coluere
864 1861 1019 1963 Sabini3

167 1986 282 2086 Hanc
295 2005 443 2087 Remus
456 2021 495 2085 et
505 2004 643 2102 fratem
663 2003 714 2084 sic
729 2003 835 2086 fortis
847 2004 999 2085 Etruria
1010 2006 1126 2088 crevit
1136 2038 1156 2109 3
1180 1988 1182 1993 ’

169 2142 319 2226 Scilicet
334 2162 372 2225 et
384 2170 512 2225 rerum
526 2144 625 2226 faeta
638 2142 692 2222 est
708 2138 965 2253 pulcherrima
975 2145 1118 2249 Roma,
1179 2243 1189 2260 ν

167 2285 399 2395 Septemque
415 2282 696 2366 unafibimuro
710 2270 958 2370 circumdedit
971 2315 1084 2374 arces.
1163 2313 1215 2404 53
1224 2315 1250 2403 5

170 2423 275 2505 Ante
293 2422 408 2504 ctiam
427 2422 615 2535 sceptrum
633 2423 783 2508 Dictaei
801 2427 910 2534 regis,
925 2445 963 2509 et
980 2447 1067 2511 ante

170 2564 297 2675 Impia
313 2559 431 2676 quam
448 2566 559 2648 caesis
580 2592 670 2674 gens
688 2565 744 2644 est
765 2563 913 2673 epulata
926 2567 1111 2672 juvencis,

148 2714 151 2719 ’
170 2709 321 2786 Aureus
337 2702 437 2784 hanc
456 2704 575 2785 vitam
586 2703 628 2784 in
647 2703 751 2784 terris
770 2703 945 2784 Saturnus
964 2701 1109 2815 agebat.

170 2841 357 2922 Necdum
369 2840 485 2921 etiam
501 2839 693 2921 audierant
714 2835 836 2918 inflari
854 2838 1011 2939 claffica,
1036 2840 1205 2926 necdum

173 2975 372 3086 Impositos
384 2975 486 3055 duris
499 2979 677 3086 crepitare
691 2977 891 3061 incudibus
904 2980 1018 3064 enses.
1160 3009 1248 3096 540

174 3115 336 3196 Sed'nos
348 3112 579 3196 immensum
597 3116 719 3227 spatiis
737 3118 971 3199 confecimus
984 3144 1144 3228 aequor:
1215 3124 1221 3133 “

174 3254 227 3338 Et
237 3256 320 3369 jam
332 3268 483 3366 tempus
500 3282 644 3370 equum
663 3255 848 3340 fununda
864 3255 1003 3380 so'lrere
1022 3255 1133 3341 colla.
