<?xml version="1.0" encoding="UTF-8"?>
<!DOCTYPE html PUBLIC "-//W3C//DTD XHTML 1.0 Transitional//EN"
    "http://www.w3.org/TR/xhtml1/DTD/xhtml1-transitional.dtd">
<html xmlns="http://www.w3.org/1999/xhtml" xml:lang="en" lang="en">
 <head>
  <title>
</title>
<meta http-equiv="Content-Type" content="text/html;charset=utf-8" />
  <meta name='ocr-system' content='tesseract 3.04.00' />
  <meta name='ocr-capabilities' content='ocr_page ocr_carea ocr_par ocr_line ocrx_word'/>
</head>
<body>
  <div class='ocr_page' id='page_1' title='image "./publiivirgiliim02schegoog_0105.png"; bbox 0 0 2948 5078; ppageno 0'>
   <div class='ocr_carea' id='block_1_1' title="bbox 177 278 1164 409">
    <p class='ocr_par' dir='ltr' id='par_1_1' title="bbox 177 278 1164 409">
     <span class='ocr_line' id='line_1_1' title="bbox 177 278 1164 409; baseline -0.004 -26"><span class='ocrx_word' id='word_1_1' title='bbox 177 284 180 290; x_wconf 77' lang='grc'><strong>’</strong></span> <span class='ocrx_word' id='word_1_2' title='bbox 305 311 370 409; x_wconf 79' lang='lat'>32</span> <span class='ocrx_word' id='word_1_3' title='bbox 489 279 541 376; x_wconf 90' lang='lat' dir='ltr'>P.</span> <span class='ocrx_word' id='word_1_4' title='bbox 582 278 851 378; x_wconf 81' lang='lat' dir='ltr'>Vrnerarr</span> <span class='ocrx_word' id='word_1_5' title='bbox 887 279 1164 379; x_wconf 79' lang='lat' dir='ltr'>Manours</span> 
     </span>
    </p>
   </div>
   <div class='ocr_carea' id='block_1_2' title="bbox 213 470 1390 2823">
    <p class='ocr_par' dir='ltr' id='par_1_2' title="bbox 213 470 1369 874">
     <span class='ocr_line' id='line_1_2' title="bbox 303 470 1367 599; baseline 0.003 -33"><span class='ocrx_word' id='word_1_6' title='bbox 303 484 538 599; x_wconf 83' lang='lat' dir='ltr'>Audieram?</span> <span class='ocrx_word' id='word_1_7' title='bbox 563 510 741 565; x_wconf 88' lang='lat' dir='ltr'>numeros</span> <span class='ocrx_word' id='word_1_8' title='bbox 752 481 967 581; x_wconf 68' lang='lat' dir='ltr'>meminis</span> <span class='ocrx_word' id='word_1_9' title='bbox 987 470 1100 566; x_wconf 80' lang='lat' dir='ltr'>verba</span> <span class='ocrx_word' id='word_1_10' title='bbox 1112 502 1289 570; x_wconf 88' lang='lat' dir='ltr'>tenerem.</span> <span class='ocrx_word' id='word_1_11' title='bbox 1310 496 1338 593; x_wconf 87' lang='lat'>4‘</span> <span class='ocrx_word' id='word_1_12' title='bbox 1342 514 1367 597; x_wconf 86' lang='lat'>5</span> 
     </span>
     <span class='ocr_line' id='line_1_3' title="bbox 299 622 1369 741; baseline 0.002 -32"><span class='ocrx_word' id='word_1_13' title='bbox 299 622 1369 741; x_wconf 75' lang='lat' dir='ltr'>Mon.Daphni,quidantiquosfignerumsuspicisortusi</span> 
     </span>
     <span class='ocr_line' id='line_1_4' title="bbox 213 760 1134 874; baseline 0.001 -28"><span class='ocrx_word' id='word_1_14' title='bbox 213 812 217 817; x_wconf 95' lang='lat'>·</span> <span class='ocrx_word' id='word_1_15' title='bbox 300 764 416 865; x_wconf 85' lang='lat' dir='ltr'>Ecce,</span> <span class='ocrx_word' id='word_1_16' title='bbox 431 764 593 846; x_wconf 78' lang='lat' dir='ltr'>Dionaei</span> <span class='ocrx_word' id='word_1_17' title='bbox 607 764 779 874; x_wconf 88' lang='lat' dir='ltr'>proceffit</span> <span class='ocrx_word' id='word_1_18' title='bbox 797 764 959 846; x_wconf 86' lang='lat' dir='ltr'>Caesaris</span> <span class='ocrx_word' id='word_1_19' title='bbox 971 760 1134 848; x_wconf 69' lang='lat' dir='ltr'>astnrmi</span> 
     </span>
    </p>

    <p class='ocr_par' dir='ltr' id='par_1_3' title="bbox 301 902 1372 1566">
     <span class='ocr_line' id='line_1_5' title="bbox 302 902 1286 1018; baseline 0.002 -31"><span class='ocrx_word' id='word_1_20' title='bbox 302 903 474 1004; x_wconf 86' lang='lat' dir='ltr'>Astrum,</span> <span class='ocrx_word' id='word_1_21' title='bbox 490 932 568 1016; x_wconf 90' lang='lat' dir='ltr'>quo</span> <span class='ocrx_word' id='word_1_22' title='bbox 583 903 720 1014; x_wconf 85' lang='lat' dir='ltr'>segetes</span> <span class='ocrx_word' id='word_1_23' title='bbox 734 905 937 1012; x_wconf 84' lang='lat' dir='ltr'>gauderent</span> <span class='ocrx_word' id='word_1_24' title='bbox 950 902 1119 1014; x_wconf 83' lang='lat' dir='ltr'>frugibus</span> <span class='ocrx_word' id='word_1_25' title='bbox 1126 945 1140 1004; x_wconf 67' lang='grc' dir='ltr'><strong><em>ς</em></strong></span> <span class='ocrx_word' id='word_1_26' title='bbox 1157 924 1196 987; x_wconf 88' lang='lat' dir='ltr'>et</span> <span class='ocrx_word' id='word_1_27' title='bbox 1207 936 1286 1018; x_wconf 92' lang='lat' dir='ltr'>quo</span> 
     </span>
     <span class='ocr_line' id='line_1_6' title="bbox 302 1041 1134 1155; baseline -0.002 -28"><span class='ocrx_word' id='word_1_28' title='bbox 302 1042 470 1127; x_wconf 86' lang='lat' dir='ltr'>Duceret</span> <span class='ocrx_word' id='word_1_29' title='bbox 484 1043 616 1155; x_wconf 81' lang='lat' dir='ltr'>apricis</span> <span class='ocrx_word' id='word_1_30' title='bbox 631 1043 672 1125; x_wconf 91' lang='lat' dir='ltr'>in</span> <span class='ocrx_word' id='word_1_31' title='bbox 689 1042 848 1124; x_wconf 93' lang='lat' dir='ltr'>collibus</span> <span class='ocrx_word' id='word_1_32' title='bbox 864 1069 938 1123; x_wconf 88' lang='lat' dir='ltr'>uva</span> <span class='ocrx_word' id='word_1_33' title='bbox 954 1041 1134 1125; x_wconf 91' lang='lat' dir='ltr'>colorem.</span> 
     </span>
     <span class='ocr_line' id='line_1_7' title="bbox 301 1177 1367 1294; baseline -0.002 -30"><span class='ocrx_word' id='word_1_34' title='bbox 301 1177 743 1291; x_wconf 84' lang='lat' dir='ltr'>Insere,Daphni‚piros:</span> <span class='ocrx_word' id='word_1_35' title='bbox 774 1198 1118 1292; x_wconf 86' lang='lat' dir='ltr'>carpenttuapoma</span> <span class='ocrx_word' id='word_1_36' title='bbox 1130 1198 1293 1292; x_wconf 89' lang='lat' dir='ltr'>nepotes.</span> <span class='ocrx_word' id='word_1_37' title='bbox 1312 1212 1367 1294; x_wconf 76' lang='lat'>5⁹</span> 
     </span>
     <span class='ocr_line' id='line_1_8' title="bbox 301 1318 1372 1432; baseline 0.003 -31"><span class='ocrx_word' id='word_1_38' title='bbox 301 1318 446 1401; x_wconf 90' lang='lat' dir='ltr'>Omnia</span> <span class='ocrx_word' id='word_1_39' title='bbox 461 1320 534 1400; x_wconf 87' lang='lat' dir='ltr'>fert</span> <span class='ocrx_word' id='word_1_40' title='bbox 548 1336 658 1418; x_wconf 88' lang='lat' dir='ltr'>aetas,</span> <span class='ocrx_word' id='word_1_41' title='bbox 675 1321 846 1402; x_wconf 89' lang='lat' dir='ltr'>animum</span> <span class='ocrx_word' id='word_1_42' title='bbox 861 1349 1025 1430; x_wconf 88' lang='lat' dir='ltr'>quoque.</span> <span class='ocrx_word' id='word_1_43' title='bbox 1044 1322 1149 1432; x_wconf 83' lang='lat' dir='ltr'>saepe</span> <span class='ocrx_word' id='word_1_44' title='bbox 1156 1350 1229 1432; x_wconf 90' lang='lat' dir='ltr'>ego</span> <span class='ocrx_word' id='word_1_45' title='bbox 1241 1321 1372 1432; x_wconf 80' lang='lat' dir='ltr'>longor</span> 
     </span>
     <span class='ocr_line' id='line_1_9' title="bbox 302 1438 1223 1566; baseline 0.004 -28"><span class='ocrx_word' id='word_1_46' title='bbox 302 1457 499 1539; x_wconf 88' lang='lat' dir='ltr'>Cantando</span> <span class='ocrx_word' id='word_1_47' title='bbox 515 1470 678 1566; x_wconf 87' lang='lat' dir='ltr'>puerum</span> <span class='ocrx_word' id='word_1_48' title='bbox 693 1459 854 1548; x_wconf 87' lang='lat' dir='ltr'>memini</span> <span class='ocrx_word' id='word_1_49' title='bbox 866 1438 930 1540; x_wconf 88' lang='lat' dir='ltr'>me</span> <span class='ocrx_word' id='word_1_50' title='bbox 941 1459 1103 1542; x_wconf 90' lang='lat' dir='ltr'>condere</span> <span class='ocrx_word' id='word_1_51' title='bbox 1119 1460 1223 1542; x_wconf 88' lang='lat' dir='ltr'>soles.</span> 
     </span>
    </p>

    <p class='ocr_par' dir='ltr' id='par_1_4' title="bbox 302 1594 1375 1849">
     <span class='ocr_line' id='line_1_10' title="bbox 302 1594 1375 1710; baseline 0 -29"><span class='ocrx_word' id='word_1_52' title='bbox 302 1594 423 1681; x_wconf 85' lang='lat' dir='ltr'>Nune</span> <span class='ocrx_word' id='word_1_53' title='bbox 438 1594 554 1678; x_wconf 88' lang='lat' dir='ltr'>oblita</span> <span class='ocrx_word' id='word_1_54' title='bbox 567 1596 665 1679; x_wconf 90' lang='lat' dir='ltr'>mihi</span> <span class='ocrx_word' id='word_1_55' title='bbox 677 1615 732 1681; x_wconf 91' lang='lat' dir='ltr'>tot</span> <span class='ocrx_word' id='word_1_56' title='bbox 744 1601 932 1682; x_wconf 87' lang='lat' dir='ltr'>carmina:</span> <span class='ocrx_word' id='word_1_57' title='bbox 959 1627 1036 1681; x_wconf 86' lang='lat' dir='ltr'>vox</span> <span class='ocrx_word' id='word_1_58' title='bbox 1044 1600 1375 1710; x_wconf 80' lang='lat' dir='ltr'>quoqueMoerim&#39;</span> 
     </span>
     <span class='ocr_line' id='line_1_11' title="bbox 303 1730 1254 1849; baseline 0.002 -29"><span class='ocrx_word' id='word_1_59' title='bbox 303 1740 396 1848; x_wconf 89' lang='lat' dir='ltr'>Jam</span> <span class='ocrx_word' id='word_1_60' title='bbox 412 1736 511 1847; x_wconf 88' lang='lat' dir='ltr'>fugit</span> <span class='ocrx_word' id='word_1_61' title='bbox 528 1737 628 1847; x_wconf 88' lang='lat' dir='ltr'>ipsa:</span> <span class='ocrx_word' id='word_1_62' title='bbox 660 1737 741 1849; x_wconf 87' lang='lat' dir='ltr'>lupi</span> <span class='ocrx_word' id='word_1_63' title='bbox 755 1738 926 1819; x_wconf 87' lang='lat' dir='ltr'>Moerim</span> <span class='ocrx_word' id='word_1_64' title='bbox 942 1730 1067 1819; x_wconf 88' lang='lat' dir='ltr'>videre</span> <span class='ocrx_word' id='word_1_65' title='bbox 1085 1739 1254 1847; x_wconf 73' lang='lat' dir='ltr'>priores·</span> 
     </span>
    </p>

    <p class='ocr_par' dir='ltr' id='par_1_5' title="bbox 303 1863 1390 2823">
     <span class='ocr_line' id='line_1_12' title="bbox 304 1863 1373 1990; baseline 0.004 -32"><span class='ocrx_word' id='word_1_66' title='bbox 304 1863 380 1975; x_wconf 61' lang='lat' dir='ltr'>§ed</span> <span class='ocrx_word' id='word_1_67' title='bbox 392 1893 520 1958; x_wconf 87' lang='lat' dir='ltr'>tamen</span> <span class='ocrx_word' id='word_1_68' title='bbox 537 1875 604 1958; x_wconf 88' lang='lat' dir='ltr'>ista</span> <span class='ocrx_word' id='word_1_69' title='bbox 616 1876 698 1957; x_wconf 91' lang='lat' dir='ltr'>satis</span> <span class='ocrx_word' id='word_1_70' title='bbox 711 1875 845 1958; x_wconf 89' lang='lat' dir='ltr'>referet</span> <span class='ocrx_word' id='word_1_71' title='bbox 862 1876 930 1956; x_wconf 90' lang='lat' dir='ltr'>tibi</span> <span class='ocrx_word' id='word_1_72' title='bbox 947 1875 1052 1986; x_wconf 86' lang='lat' dir='ltr'>saepe</span> <span class='ocrx_word' id='word_1_73' title='bbox 1062 1876 1269 1962; x_wconf 77' lang='lat' dir='ltr'>Menalcas</span> <span class='ocrx_word' id='word_1_74' title='bbox 1318 1907 1341 1988; x_wconf 99' lang='lat'>5</span> <span class='ocrx_word' id='word_1_75' title='bbox 1349 1907 1373 1990; x_wconf 90' lang='lat'>5</span> 
     </span>
     <span class='ocr_line' id='line_1_13' title="bbox 303 2014 1314 2124; baseline -0.003 -25"><span class='ocrx_word' id='word_1_76' title='bbox 303 2014 417 2101; x_wconf 73' lang='lat' dir='ltr'>ch.</span> <span class='ocrx_word' id='word_1_77' title='bbox 448 2015 643 2097; x_wconf 77' lang='lat' dir='ltr'>Causando</span> <span class='ocrx_word' id='word_1_78' title='bbox 660 2014 1025 2124; x_wconf 87' lang='lat' dir='ltr'>nostrosinlongum</span> <span class='ocrx_word' id='word_1_79' title='bbox 1038 2015 1145 2097; x_wconf 90' lang='lat' dir='ltr'>ducis</span> <span class='ocrx_word' id='word_1_80' title='bbox 1156 2041 1314 2099; x_wconf 86' lang='lat' dir='ltr'>amores.</span> 
     </span>
     <span class='ocr_line' id='line_1_14' title="bbox 303 2140 1364 2266; baseline -0.002 -28"><span class='ocrx_word' id='word_1_81' title='bbox 303 2156 358 2238; x_wconf 87' lang='lat' dir='ltr'>Et</span> <span class='ocrx_word' id='word_1_82' title='bbox 373 2182 475 2238; x_wconf 90' lang='lat' dir='ltr'>nunc</span> <span class='ocrx_word' id='word_1_83' title='bbox 490 2140 606 2237; x_wconf 72' lang='lat' dir='ltr'>smne</span> <span class='ocrx_word' id='word_1_84' title='bbox 625 2156 694 2237; x_wconf 91' lang='lat' dir='ltr'>tibi</span> <span class='ocrx_word' id='word_1_85' title='bbox 711 2156 869 2238; x_wconf 83' lang='lat' dir='ltr'>stratum</span> <span class='ocrx_word' id='word_1_86' title='bbox 887 2154 967 2237; x_wconf 86' lang='lat' dir='ltr'>silet</span> <span class='ocrx_word' id='word_1_87' title='bbox 982 2182 1146 2266; x_wconf 86' lang='lat' dir='ltr'>aequor:</span> <span class='ocrx_word' id='word_1_88' title='bbox 1176 2172 1364 2239; x_wconf 63' lang='lat' dir='ltr'>et‘omnes</span> 
     </span>
     <span class='ocr_line' id='line_1_15' title="bbox 306 2294 1298 2406; baseline 0.003 -31"><span class='ocrx_word' id='word_1_89' title='bbox 306 2294 484 2406; x_wconf 71' lang='lat' dir='ltr'>(Aspice)</span> <span class='ocrx_word' id='word_1_90' title='bbox 502 2296 642 2378; x_wconf 77' lang='lat' dir='ltr'>ventosi</span> <span class='ocrx_word' id='word_1_91' title='bbox 654 2296 869 2378; x_wconf 82' lang='lat' dir='ltr'>ceciderunt</span> <span class='ocrx_word' id='word_1_92' title='bbox 888 2296 1094 2378; x_wconf 88' lang='lat' dir='ltr'>murmuris</span> <span class='ocrx_word' id='word_1_93' title='bbox 1101 2318 1228 2380; x_wconf 80' lang='lat' dir='ltr'>&#39;aurae</span> <span class='ocrx_word' id='word_1_94' title='bbox 1293 2318 1298 2329; x_wconf 87' lang='lat'><em>·</em></span> 
     </span>
     <span class='ocr_line' id='line_1_16' title="bbox 305 2432 1390 2545; baseline 0.002 -30"><span class='ocrx_word' id='word_1_95' title='bbox 305 2434 413 2516; x_wconf 85' lang='lat' dir='ltr'>Hinc</span> <span class='ocrx_word' id='word_1_96' title='bbox 431 2436 527 2517; x_wconf 89' lang='lat' dir='ltr'>adeo</span> <span class='ocrx_word' id='word_1_97' title='bbox 542 2435 734 2518; x_wconf 85' lang='lat' dir='ltr'>mediaest</span> <span class='ocrx_word' id='word_1_98' title='bbox 751 2437 858 2518; x_wconf 91' lang='lat' dir='ltr'>nobis</span> <span class='ocrx_word' id='word_1_99' title='bbox 874 2437 954 2520; x_wconf 83' lang='lat' dir='ltr'>via:</span> <span class='ocrx_word' id='word_1_100' title='bbox 982 2462 1148 2544; x_wconf 86' lang='lat' dir='ltr'>namque</span> <span class='ocrx_word' id='word_1_101' title='bbox 1166 2432 1390 2545; x_wconf 82' lang='lat' dir='ltr'>sepulcrum</span> 
     </span>
     <span class='ocr_line' id='line_1_17' title="bbox 308 2573 1374 2686; baseline 0.005 -32"><span class='ocrx_word' id='word_1_102' title='bbox 308 2573 446 2686; x_wconf 79' lang='lat' dir='ltr'>incipit</span> <span class='ocrx_word' id='word_1_103' title='bbox 457 2602 631 2686; x_wconf 88' lang='lat' dir='ltr'>apparere</span> <span class='ocrx_word' id='word_1_104' title='bbox 643 2576 821 2660; x_wconf 77' lang='lat' dir='ltr'>Bianoris.</span> <span class='ocrx_word' id='word_1_105' title='bbox 849 2575 925 2676; x_wconf 90' lang='lat' dir='ltr'>hic,</span> <span class='ocrx_word' id='word_1_106' title='bbox 947 2577 1013 2657; x_wconf 88' lang='lat' dir='ltr'>ubi</span> <span class='ocrx_word' id='word_1_107' title='bbox 1025 2575 1151 2657; x_wconf 88' lang='lat' dir='ltr'>densas</span> <span class='ocrx_word' id='word_1_108' title='bbox 1317 2577 1374 2660; x_wconf 88' lang='grc' dir='ltr'>6ο</span> 
     </span>
     <span class='ocr_line' id='line_1_18' title="bbox 308 2703 1348 2823; baseline 0.001 -30"><span class='ocrx_word' id='word_1_109' title='bbox 308 2703 507 2822; x_wconf 81' lang='lat' dir='ltr'>Agricolae</span> <span class='ocrx_word' id='word_1_110' title='bbox 524 2714 708 2823; x_wconf 87' lang='lat' dir='ltr'>stringunt</span> <span class='ocrx_word' id='word_1_111' title='bbox 719 2715 881 2813; x_wconf 84' lang='lat' dir='ltr'>frondes,</span> <span class='ocrx_word' id='word_1_112' title='bbox 897 2713 974 2813; x_wconf 91' lang='lat' dir='ltr'>hic,</span> <span class='ocrx_word' id='word_1_113' title='bbox 986 2713 1126 2809; x_wconf 86' lang='lat' dir='ltr'>Moeri,</span> <span class='ocrx_word' id='word_1_114' title='bbox 1146 2738 1348 2810; x_wconf 77' lang='lat' dir='ltr'>canamus3</span> 
     </span>
    </p>
   </div>
   <div class='ocr_carea' id='block_1_3' title="bbox 152 2851 1317 2968">
    <p class='ocr_par' dir='ltr' id='par_1_6' title="bbox 152 2851 1317 2968">
     <span class='ocr_line' id='line_1_19' title="bbox 152 2851 1317 2968; baseline 0.001 -33"><span class='ocrx_word' id='word_1_115' title='bbox 152 2956 156 2968; x_wconf 91' lang='lat'>.</span> <span class='ocrx_word' id='word_1_116' title='bbox 308 2855 388 2935; x_wconf 91' lang='lat' dir='ltr'>Hic</span> <span class='ocrx_word' id='word_1_117' title='bbox 406 2852 548 2955; x_wconf 83' lang='lat' dir='ltr'>hoedos</span> <span class='ocrx_word' id='word_1_118' title='bbox 559 2854 717 2965; x_wconf 89' lang='lat' dir='ltr'>depone.</span> <span class='ocrx_word' id='word_1_119' title='bbox 750 2875 878 2937; x_wconf 91' lang='lat' dir='ltr'>tamen</span> <span class='ocrx_word' id='word_1_120' title='bbox 892 2856 1084 2936; x_wconf 88' lang='lat' dir='ltr'>veniemus</span> <span class='ocrx_word' id='word_1_121' title='bbox 1100 2854 1141 2934; x_wconf 91' lang='lat' dir='ltr'>in</span> <span class='ocrx_word' id='word_1_122' title='bbox 1159 2851 1317 2936; x_wconf 85' lang='lat' dir='ltr'>urbem:</span> 
     </span>
    </p>
   </div>
   <div class='ocr_carea' id='block_1_4' title="bbox 309 2991 1381 3803">
    <p class='ocr_par' dir='ltr' id='par_1_7' title="bbox 310 2991 1360 3103">
     <span class='ocr_line' id='line_1_20' title="bbox 310 2991 1360 3103; baseline -0.005 -28"><span class='ocrx_word' id='word_1_123' title='bbox 310 2997 392 3075; x_wconf 90' lang='lat' dir='ltr'>Aut</span> <span class='ocrx_word' id='word_1_124' title='bbox 409 2994 449 3093; x_wconf 88' lang='lat' dir='ltr'>fi,</span> <span class='ocrx_word' id='word_1_125' title='bbox 467 3021 545 3074; x_wconf 82' lang='lat' dir='ltr'>nox</span> <span class='ocrx_word' id='word_1_126' title='bbox 561 2991 730 3103; x_wconf 88' lang='lat' dir='ltr'>pluviam</span> <span class='ocrx_word' id='word_1_127' title='bbox 750 3024 800 3075; x_wconf 94' lang='lat' dir='ltr'>ne</span> <span class='ocrx_word' id='word_1_128' title='bbox 820 2994 971 3103; x_wconf 89' lang='lat' dir='ltr'>colligat</span> <span class='ocrx_word' id='word_1_129' title='bbox 982 3010 1081 3095; x_wconf 87' lang='lat' dir='ltr'>ante,</span> <span class='ocrx_word' id='word_1_130' title='bbox 1099 3016 1298 3087; x_wconf 75' lang='lat' dir='ltr'>veremur3</span> <span class='ocrx_word' id='word_1_131' title='bbox 1357 3026 1360 3031; x_wconf 95' lang='lat'>·</span> 
     </span>
    </p>

    <p class='ocr_par' dir='ltr' id='par_1_8' title="bbox 309 3131 1289 3247">
     <span class='ocr_line' id='line_1_21' title="bbox 309 3131 1289 3247; baseline -0.008 -29"><span class='ocrx_word' id='word_1_132' title='bbox 309 3137 510 3218; x_wconf 83' lang='lat' dir='ltr'>Cantantes</span> <span class='ocrx_word' id='word_1_133' title='bbox 528 3133 615 3215; x_wconf 91' lang='lat' dir='ltr'>licet</span> <span class='ocrx_word' id='word_1_134' title='bbox 628 3134 742 3245; x_wconf 89' lang='lat' dir='ltr'>usque</span> <span class='ocrx_word' id='word_1_135' title='bbox 763 3137 908 3247; x_wconf 85' lang='lat' dir='ltr'>(minus</span> <span class='ocrx_word' id='word_1_136' title='bbox 924 3135 983 3217; x_wconf 90' lang='lat' dir='ltr'>via</span> <span class='ocrx_word' id='word_1_137' title='bbox 993 3131 1133 3237; x_wconf 85' lang='lat' dir='ltr'>laedet)</span> <span class='ocrx_word' id='word_1_138' title='bbox 1146 3157 1289 3214; x_wconf 88' lang='lat' dir='ltr'>eamus.</span> 
     </span>
    </p>

    <p class='ocr_par' dir='ltr' id='par_1_9' title="bbox 310 3272 1378 3383">
     <span class='ocr_line' id='line_1_22' title="bbox 310 3272 1378 3383; baseline -0.005 -27"><span class='ocrx_word' id='word_1_139' title='bbox 310 3280 509 3357; x_wconf 84' lang='lat' dir='ltr'>Cantantes</span> <span class='ocrx_word' id='word_1_140' title='bbox 528 3294 570 3353; x_wconf 90' lang='lat' dir='ltr'>ut</span> <span class='ocrx_word' id='word_1_141' title='bbox 581 3302 720 3372; x_wconf 86' lang='lat' dir='ltr'>eamus,</span> <span class='ocrx_word' id='word_1_142' title='bbox 736 3304 807 3383; x_wconf 88' lang='lat' dir='ltr'>ego</span> <span class='ocrx_word' id='word_1_143' title='bbox 821 3275 895 3356; x_wconf 91' lang='lat' dir='ltr'>hoc</span> <span class='ocrx_word' id='word_1_144' title='bbox 916 3293 952 3355; x_wconf 92' lang='lat' dir='ltr'>te</span> <span class='ocrx_word' id='word_1_145' title='bbox 968 3273 1062 3354; x_wconf 90' lang='lat' dir='ltr'>fasce</span> <span class='ocrx_word' id='word_1_146' title='bbox 1079 3272 1222 3352; x_wconf 85' lang='lat' dir='ltr'>levabo.</span> <span class='ocrx_word' id='word_1_147' title='bbox 1321 3274 1346 3351; x_wconf 89' lang='lat'><strong>6</strong></span> <span class='ocrx_word' id='word_1_148' title='bbox 1354 3297 1378 3380; x_wconf 87' lang='lat'>5</span> 
     </span>
    </p>

    <p class='ocr_par' dir='ltr' id='par_1_10' title="bbox 311 3405 1381 3660">
     <span class='ocr_line' id='line_1_23' title="bbox 311 3405 1381 3524; baseline -0.012 -26"><span class='ocrx_word' id='word_1_149' title='bbox 311 3419 434 3498; x_wconf 86' lang='lat' dir='ltr'>Mos.</span> <span class='ocrx_word' id='word_1_150' title='bbox 466 3409 602 3492; x_wconf 81' lang='lat' dir='ltr'>Desine</span> <span class='ocrx_word' id='word_1_151' title='bbox 620 3413 739 3519; x_wconf 87' lang='lat' dir='ltr'>plura,</span> <span class='ocrx_word' id='word_1_152' title='bbox 775 3440 890 3523; x_wconf 87' lang='lat' dir='ltr'>puer:</span> <span class='ocrx_word' id='word_1_153' title='bbox 933 3431 982 3508; x_wconf 87' lang='lat' dir='ltr'>et,</span> <span class='ocrx_word' id='word_1_154' title='bbox 1019 3411 1124 3524; x_wconf 91' lang='lat' dir='ltr'>quod</span> <span class='ocrx_word' id='word_1_155' title='bbox 1141 3435 1242 3490; x_wconf 91' lang='lat' dir='ltr'>nune</span> <span class='ocrx_word' id='word_1_156' title='bbox 1259 3405 1381 3506; x_wconf 86' lang='lat' dir='ltr'>instat,</span> 
     </span>
     <span class='ocr_line' id='line_1_24' title="bbox 496 3555 674 3660; baseline 0.017 -29"><span class='ocrx_word' id='word_1_157' title='bbox 496 3555 674 3660; x_wconf 87' lang='lat' dir='ltr'>agamus!</span> 
     </span>
    </p>

    <p class='ocr_par' dir='ltr' id='par_1_11' title="bbox 314 3690 1351 3803">
     <span class='ocr_line' id='line_1_25' title="bbox 314 3690 1351 3803; baseline 0.001 -32"><span class='ocrx_word' id='word_1_158' title='bbox 314 3692 490 3774; x_wconf 88' lang='lat' dir='ltr'>Carmina</span> <span class='ocrx_word' id='word_1_159' title='bbox 510 3711 593 3774; x_wconf 91' lang='lat' dir='ltr'>turn</span> <span class='ocrx_word' id='word_1_160' title='bbox 612 3691 760 3791; x_wconf 88' lang='lat' dir='ltr'>melius,</span> <span class='ocrx_word' id='word_1_161' title='bbox 786 3721 878 3775; x_wconf 90' lang='lat' dir='ltr'>curn</span> <span class='ocrx_word' id='word_1_162' title='bbox 896 3694 1034 3778; x_wconf 88' lang='lat' dir='ltr'>venerit</span> <span class='ocrx_word' id='word_1_163' title='bbox 1047 3690 1135 3803; x_wconf 89' lang='lat' dir='ltr'>ipse,</span> <span class='ocrx_word' id='word_1_164' title='bbox 1161 3715 1351 3772; x_wconf 88' lang='lat' dir='ltr'>canemus.</span> 
     </span>
    </p>
   </div>
   <div class='ocr_carea' id='block_1_5' title="bbox 0 0 1497 5078">
    <p class='ocr_par' dir='ltr' id='par_1_12' title="bbox 0 0 1497 5078">
     <span class='ocr_line' id='line_1_26' title="bbox 0 0 1497 5078; baseline 0 0"><span class='ocrx_word' id='word_1_165' title='bbox 0 0 1497 5078; x_wconf 95' lang='lat' dir='ltr'> </span> 
     </span>
    </p>
   </div>
  </div>
 </body>
</html>
