<?xml version="1.0" encoding="UTF-8"?>
<!DOCTYPE html PUBLIC "-//W3C//DTD XHTML 1.0 Transitional//EN"
    "http://www.w3.org/TR/xhtml1/DTD/xhtml1-transitional.dtd">
<html xmlns="http://www.w3.org/1999/xhtml" xml:lang="en" lang="en">
 <head>
  <title>
</title>
<meta http-equiv="Content-Type" content="text/html;charset=utf-8" />
  <meta name='ocr-system' content='tesseract 3.04.00' />
  <meta name='ocr-capabilities' content='ocr_page ocr_carea ocr_par ocr_line ocrx_word'/>
</head>
<body>
  <div class='ocr_page' id='page_1' title='image "./publiivirgiliim02schegoog_0094.png"; bbox 0 0 2948 5078; ppageno 0'>
   <div class='ocr_carea' id='block_1_1' title="bbox 291 415 1195 520">
    <p class='ocr_par' dir='ltr' id='par_1_1' title="bbox 291 415 1195 520">
     <span class='ocr_line' id='line_1_1' title="bbox 291 415 1195 520; baseline -0.014 -3"><span class='ocrx_word' id='word_1_1' title='bbox 291 428 299 439; x_wconf 86' lang='lat'><em>&#39;</em></span> <span class='ocrx_word' id='word_1_2' title='bbox 343 421 686 514; x_wconf 70' lang='lat' dir='ltr'>Buconica</span> <span class='ocrx_word' id='word_1_3' title='bbox 720 415 1004 511; x_wconf 70' lang='lat' dir='ltr'>EchI..</span> <span class='ocrx_word' id='word_1_4' title='bbox 1134 442 1195 520; x_wconf 66' lang='grc' dir='ltr'><strong>ῃ</strong></span> 
     </span>
    </p>
   </div>
   <div class='ocr_carea' id='block_1_2' title="bbox 53 616 1224 4521">
    <p class='ocr_par' dir='ltr' id='par_1_2' title="bbox 127 616 1195 738">
     <span class='ocr_line' id='line_1_2' title="bbox 127 616 1195 738; baseline -0.006 -30"><span class='ocrx_word' id='word_1_5' title='bbox 127 624 390 721; x_wconf 63' lang='lat' dir='ltr'>Concubitum</span> <span class='ocrx_word' id='word_1_6' title='bbox 421 621 593 731; x_wconf 79' lang='lat' dir='ltr'>quatrivia</span> <span class='ocrx_word' id='word_1_7' title='bbox 610 617 710 701; x_wconf 83' lang='lat' dir='ltr'>cotto</span> <span class='ocrx_word' id='word_1_8' title='bbox 731 616 908 700; x_wconf 73' lang='lat' dir='ltr'>timuisset</span> <span class='ocrx_word' id='word_1_9' title='bbox 926 635 1102 724; x_wconf 80' lang='lat' dir='ltr'>aratrum,</span> <span class='ocrx_word' id='word_1_10' title='bbox 1139 653 1195 738; x_wconf 81' lang='lat'>50</span> 
     </span>
    </p>

    <p class='ocr_par' dir='ltr' id='par_1_3' title="bbox 128 757 960 875">
     <span class='ocr_line' id='line_1_3' title="bbox 128 757 960 875; baseline -0.005 -28"><span class='ocrx_word' id='word_1_11' title='bbox 128 767 180 848; x_wconf 90' lang='lat' dir='ltr'>Et</span> <span class='ocrx_word' id='word_1_12' title='bbox 193 766 298 875; x_wconf 80' lang='lat' dir='ltr'>saepe</span> <span class='ocrx_word' id='word_1_13' title='bbox 316 763 356 843; x_wconf 86' lang='lat' dir='ltr'>in</span> <span class='ocrx_word' id='word_1_14' title='bbox 372 757 649 872; x_wconf 72' lang='lat' dir='ltr'>leviquaefid&#39;et</span> <span class='ocrx_word' id='word_1_15' title='bbox 666 785 808 840; x_wconf 86' lang='lat' dir='ltr'>cornua</span> <span class='ocrx_word' id='word_1_16' title='bbox 826 758 960 843; x_wconf 83' lang='lat' dir='ltr'>sronte.</span> 
     </span>
    </p>

    <p class='ocr_par' dir='ltr' id='par_1_4' title="bbox 129 900 1102 1016">
     <span class='ocr_line' id='line_1_4' title="bbox 129 900 1102 1016; baseline -0.002 -28"><span class='ocrx_word' id='word_1_17' title='bbox 129 906 210 1008; x_wconf 89' lang='lat' dir='ltr'>Ah,</span> <span class='ocrx_word' id='word_1_18' title='bbox 238 908 344 1016; x_wconf 83' lang='lat' dir='ltr'>virgo</span> <span class='ocrx_word' id='word_1_19' title='bbox 363 903 508 1003; x_wconf 64' lang='lat' dir='ltr'>instlix,</span> <span class='ocrx_word' id='word_1_20' title='bbox 539 921 584 983; x_wconf 89' lang='lat' dir='ltr'>tu</span> <span class='ocrx_word' id='word_1_21' title='bbox 597 900 758 982; x_wconf 80' lang='lat' dir='ltr'>nuncin</span> <span class='ocrx_word' id='word_1_22' title='bbox 775 901 969 981; x_wconf 84' lang='lat' dir='ltr'>montibus</span> <span class='ocrx_word' id='word_1_23' title='bbox 980 906 1102 986; x_wconf 77' lang='lat' dir='ltr'>erras!</span> 
     </span>
    </p>

    <p class='ocr_par' dir='ltr' id='par_1_5' title="bbox 129 1024 999 1151">
     <span class='ocr_line' id='line_1_5' title="bbox 129 1024 999 1151; baseline -0.005 -24"><span class='ocrx_word' id='word_1_24' title='bbox 129 1045 210 1146; x_wconf 89' lang='lat' dir='ltr'>Ille,</span> <span class='ocrx_word' id='word_1_25' title='bbox 242 1044 337 1128; x_wconf 77' lang='lat' dir='ltr'>latua</span> <span class='ocrx_word' id='word_1_26' title='bbox 353 1044 512 1126; x_wconf 82' lang='lat' dir='ltr'>niueum</span> <span class='ocrx_word' id='word_1_27' title='bbox 524 1024 633 1124; x_wconf 86' lang='lat' dir='ltr'>molli</span> <span class='ocrx_word' id='word_1_28' title='bbox 646 1040 764 1122; x_wconf 80' lang='lat' dir='ltr'>fultus</span> <span class='ocrx_word' id='word_1_29' title='bbox 780 1037 999 1151; x_wconf 82' lang='lat' dir='ltr'>hyacintho,</span> 
     </span>
    </p>

    <p class='ocr_par' dir='ltr' id='par_1_6' title="bbox 129 1181 971 1296">
     <span class='ocr_line' id='line_1_6' title="bbox 129 1181 971 1296; baseline -0.002 -26"><span class='ocrx_word' id='word_1_30' title='bbox 129 1188 221 1270; x_wconf 82' lang='lat' dir='ltr'>llice</span> <span class='ocrx_word' id='word_1_31' title='bbox 240 1189 308 1270; x_wconf 93' lang='lat' dir='ltr'>sub</span> <span class='ocrx_word' id='word_1_32' title='bbox 325 1188 430 1295; x_wconf 83' lang='lat' dir='ltr'>nigra</span> <span class='ocrx_word' id='word_1_33' title='bbox 446 1184 624 1296; x_wconf 82' lang='lat' dir='ltr'>pallentes</span> <span class='ocrx_word' id='word_1_34' title='bbox 638 1183 802 1266; x_wconf 86' lang='lat' dir='ltr'>ruminat</span> <span class='ocrx_word' id='word_1_35' title='bbox 813 1181 971 1268; x_wconf 73' lang='lat' dir='ltr'>herbata</span> 
     </span>
    </p>

    <p class='ocr_par' dir='ltr' id='par_1_7' title="bbox 129 1320 1197 1584">
     <span class='ocr_line' id='line_1_7' title="bbox 129 1320 1197 1437; baseline -0.001 -26"><span class='ocrx_word' id='word_1_36' title='bbox 129 1333 212 1411; x_wconf 91' lang='lat' dir='ltr'>Aut</span> <span class='ocrx_word' id='word_1_37' title='bbox 240 1328 407 1437; x_wconf 85' lang='lat' dir='ltr'>aliquam</span> <span class='ocrx_word' id='word_1_38' title='bbox 436 1326 477 1407; x_wconf 88' lang='lat' dir='ltr'>in</span> <span class='ocrx_word' id='word_1_39' title='bbox 507 1352 649 1435; x_wconf 82' lang='lat' dir='ltr'>magno</span> <span class='ocrx_word' id='word_1_40' title='bbox 667 1323 832 1433; x_wconf 86' lang='lat' dir='ltr'>sequitur</span> <span class='ocrx_word' id='word_1_41' title='bbox 863 1337 987 1433; x_wconf 72' lang='lat' dir='ltr'>grege.</span> <span class='ocrx_word' id='word_1_42' title='bbox 1030 1320 1197 1413; x_wconf 74' lang='lat' dir='ltr'>claudite</span> 
     </span>
     <span class='ocr_line' id='line_1_8' title="bbox 288 1465 1196 1584; baseline 0.007 -9"><span class='ocrx_word' id='word_1_43' title='bbox 288 1465 536 1575; x_wconf 69' lang='lat' dir='ltr'>Nymphae.</span> <span class='ocrx_word' id='word_1_44' title='bbox 1139 1500 1196 1584; x_wconf 78' lang='lat' dir='ltr'>rs</span> 
     </span>
    </p>

    <p class='ocr_par' dir='ltr' id='par_1_8' title="bbox 131 1601 1195 1715">
     <span class='ocr_line' id='line_1_9' title="bbox 131 1601 1195 1715; baseline 0.007 -28"><span class='ocrx_word' id='word_1_45' title='bbox 131 1606 310 1688; x_wconf 61' lang='lat' dir='ltr'>Dictaeae</span> <span class='ocrx_word' id='word_1_46' title='bbox 327 1601 550 1715; x_wconf 75' lang='lat' dir='ltr'><strong>Nymphae,</strong></span> <span class='ocrx_word' id='word_1_47' title='bbox 580 1601 877 1709; x_wconf 74' lang='lat' dir='ltr'>nemormnjam</span> <span class='ocrx_word' id='word_1_48' title='bbox 887 1603 1049 1688; x_wconf 80' lang='lat' dir='ltr'>claudite</span> <span class='ocrx_word' id='word_1_49' title='bbox 1062 1602 1195 1696; x_wconf 70' lang='lat' dir='ltr'>saltari</span> 
     </span>
    </p>

    <p class='ocr_par' dir='ltr' id='par_1_9' title="bbox 130 1739 1002 1858">
     <span class='ocr_line' id='line_1_10' title="bbox 130 1739 1002 1858; baseline 0 -31"><span class='ocrx_word' id='word_1_50' title='bbox 130 1746 170 1827; x_wconf 85' lang='lat' dir='ltr'>Si</span> <span class='ocrx_word' id='word_1_51' title='bbox 185 1775 260 1858; x_wconf 90' lang='lat' dir='ltr'>qua</span> <span class='ocrx_word' id='word_1_52' title='bbox 277 1744 372 1826; x_wconf 85' lang='lat' dir='ltr'>forte</span> <span class='ocrx_word' id='word_1_53' title='bbox 388 1743 509 1825; x_wconf 87' lang='lat' dir='ltr'>ferant</span> <span class='ocrx_word' id='word_1_54' title='bbox 521 1740 640 1823; x_wconf 81' lang='lat' dir='ltr'>oculis</span> <span class='ocrx_word' id='word_1_55' title='bbox 651 1739 724 1820; x_wconf 82' lang='lat' dir='ltr'>sese</span> <span class='ocrx_word' id='word_1_56' title='bbox 742 1741 853 1822; x_wconf 83' lang='lat' dir='ltr'>obvia</span> <span class='ocrx_word' id='word_1_57' title='bbox 870 1743 1002 1827; x_wconf 73' lang='lat' dir='ltr'>nostrie</span> 
     </span>
    </p>

    <p class='ocr_par' dir='ltr' id='par_1_10' title="bbox 53 1872 1164 1994">
     <span class='ocr_line' id='line_1_11' title="bbox 53 1872 1164 1994; baseline -0.002 -24"><span class='ocrx_word' id='word_1_58' title='bbox 53 1872 57 1881; x_wconf 39' lang='lat'>⁸</span> <span class='ocrx_word' id='word_1_59' title='bbox 130 1887 350 1970; x_wconf 80' lang='lat' dir='ltr'>Errabundu</span> <span class='ocrx_word' id='word_1_60' title='bbox 368 1886 475 1969; x_wconf 71' lang='lat' dir='ltr'>bovis</span> <span class='ocrx_word' id='word_1_61' title='bbox 492 1884 654 1994; x_wconf 63' lang='lat' dir='ltr'>vestiga</span> <span class='ocrx_word' id='word_1_62' title='bbox 685 1879 836 1965; x_wconf 83' lang='lat' dir='ltr'>forsitan</span> <span class='ocrx_word' id='word_1_63' title='bbox 853 1884 978 1986; x_wconf 80' lang='lat' dir='ltr'>illum,</span> <span class='ocrx_word' id='word_1_64' title='bbox 1156 1902 1164 1914; x_wconf 74' lang='grc'><strong>“</strong></span> 
     </span>
    </p>

    <p class='ocr_par' dir='ltr' id='par_1_11' title="bbox 131 2021 1134 2138">
     <span class='ocr_line' id='line_1_12' title="bbox 131 2021 1134 2138; baseline 0.005 -29"><span class='ocrx_word' id='word_1_65' title='bbox 131 2032 213 2111; x_wconf 91' lang='lat' dir='ltr'>Aut</span> <span class='ocrx_word' id='word_1_66' title='bbox 229 2027 344 2110; x_wconf 88' lang='lat' dir='ltr'>herba</span> <span class='ocrx_word' id='word_1_67' title='bbox 355 2045 514 2138; x_wconf 85' lang='lat' dir='ltr'>captum</span> <span class='ocrx_word' id='word_1_68' title='bbox 530 2025 652 2124; x_wconf 74' lang='lat' dir='ltr'>viridi,</span> <span class='ocrx_word' id='word_1_69' title='bbox 684 2043 748 2105; x_wconf 77' lang='lat' dir='ltr'>aaa</span> <span class='ocrx_word' id='word_1_70' title='bbox 761 2021 933 2108; x_wconf 83' lang='lat' dir='ltr'>armenta</span> <span class='ocrx_word' id='word_1_71' title='bbox 951 2028 1134 2131; x_wconf 67' lang='lat' dir='ltr'>stantum,</span> 
     </span>
    </p>

    <p class='ocr_par' dir='ltr' id='par_1_12' title="bbox 131 2164 1197 2278">
     <span class='ocr_line' id='line_1_13' title="bbox 131 2164 1197 2278; baseline 0.004 -27"><span class='ocrx_word' id='word_1_72' title='bbox 131 2169 341 2251; x_wconf 89' lang='lat' dir='ltr'>Perducant</span> <span class='ocrx_word' id='word_1_73' title='bbox 357 2167 501 2278; x_wconf 82' lang='lat' dir='ltr'><strong>aliquae</strong></span> <span class='ocrx_word' id='word_1_74' title='bbox 519 2164 660 2246; x_wconf 90' lang='lat' dir='ltr'>stabula</span> <span class='ocrx_word' id='word_1_75' title='bbox 680 2164 728 2245; x_wconf 92' lang='lat' dir='ltr'>ad</span> <span class='ocrx_word' id='word_1_76' title='bbox 746 2167 931 2278; x_wconf 83' lang='lat' dir='ltr'>Gortynia</span> <span class='ocrx_word' id='word_1_77' title='bbox 944 2198 1089 2258; x_wconf 88' lang='lat' dir='ltr'>vaccae.</span> <span class='ocrx_word' id='word_1_78' title='bbox 1140 2179 1197 2264; x_wconf 87' lang='lat'>60</span> 
     </span>
    </p>

    <p class='ocr_par' dir='ltr' id='par_1_13' title="bbox 134 2302 1138 2422">
     <span class='ocr_line' id='line_1_14' title="bbox 134 2302 1138 2422; baseline 0.008 -32"><span class='ocrx_word' id='word_1_79' title='bbox 134 2312 244 2390; x_wconf 88' lang='lat' dir='ltr'>Tum</span> <span class='ocrx_word' id='word_1_80' title='bbox 258 2307 358 2389; x_wconf 90' lang='lat' dir='ltr'>canit</span> <span class='ocrx_word' id='word_1_81' title='bbox 376 2302 628 2417; x_wconf 79' lang='lat' dir='ltr'>Hesperidum</span> <span class='ocrx_word' id='word_1_82' title='bbox 644 2306 820 2388; x_wconf 77' lang='lat' dir='ltr'>miratam</span> <span class='ocrx_word' id='word_1_83' title='bbox 834 2309 935 2392; x_wconf 88' lang='lat' dir='ltr'>mala</span> <span class='ocrx_word' id='word_1_84' title='bbox 952 2314 1138 2422; x_wconf 74' lang='lat' dir='ltr'>&#39;puellamz</span> 
     </span>
    </p>

    <p class='ocr_par' dir='ltr' id='par_1_14' title="bbox 134 2440 1098 2538">
     <span class='ocr_line' id='line_1_15' title="bbox 134 2440 1098 2538; baseline 0.009 -8"><span class='ocrx_word' id='word_1_85' title='bbox 134 2450 243 2533; x_wconf 89' lang='lat' dir='ltr'>Tum</span> <span class='ocrx_word' id='word_1_86' title='bbox 257 2445 566 2528; x_wconf 74' lang='lat' dir='ltr'>Phaethontiadas</span> <span class='ocrx_word' id='word_1_87' title='bbox 580 2447 712 2528; x_wconf 87' lang='lat' dir='ltr'>musco</span> <span class='ocrx_word' id='word_1_88' title='bbox 726 2440 1098 2538; x_wconf 75' lang='lat' dir='ltr'>circumdat&#39;amarae</span> 
     </span>
    </p>

    <p class='ocr_par' dir='ltr' id='par_1_15' title="bbox 134 2586 976 2696">
     <span class='ocr_line' id='line_1_16' title="bbox 134 2586 976 2696; baseline 0.004 -26"><span class='ocrx_word' id='word_1_89' title='bbox 134 2589 305 2684; x_wconf 82' lang='lat' dir='ltr'>corticis,</span> <span class='ocrx_word' id='word_1_90' title='bbox 334 2604 444 2696; x_wconf 84' lang='lat' dir='ltr'>atque</span> <span class='ocrx_word' id='word_1_91' title='bbox 459 2586 537 2668; x_wconf 93' lang='lat' dir='ltr'>solo</span> <span class='ocrx_word' id='word_1_92' title='bbox 548 2613 718 2696; x_wconf 87' lang='lat' dir='ltr'>proceras</span> <span class='ocrx_word' id='word_1_93' title='bbox 735 2588 842 2694; x_wconf 84' lang='lat' dir='ltr'>erigit</span> <span class='ocrx_word' id='word_1_94' title='bbox 861 2588 976 2675; x_wconf 84' lang='lat' dir='ltr'>alnos.</span> 
     </span>
    </p>

    <p class='ocr_par' dir='ltr' id='par_1_16' title="bbox 134 2702 1204 2826">
     <span class='ocr_line' id='line_1_17' title="bbox 134 2727 1204 2826; baseline 0.007 -14"><span class='ocrx_word' id='word_1_95' title='bbox 134 2731 243 2812; x_wconf 90' lang='lat' dir='ltr'>Tum</span> <span class='ocrx_word' id='word_1_96' title='bbox 262 2729 375 2826; x_wconf 62' lang='lat' dir='ltr'>oanit3</span> <span class='ocrx_word' id='word_1_97' title='bbox 399 2748 585 2811; x_wconf 75' lang='lat' dir='ltr'>errantem</span> <span class='ocrx_word' id='word_1_98' title='bbox 605 2727 784 2809; x_wconf 76' lang='lat' dir='ltr'>Permeffi</span> <span class='ocrx_word' id='word_1_99' title='bbox 802 2727 849 2807; x_wconf 90' lang='lat' dir='ltr'>ad</span> <span class='ocrx_word' id='word_1_100' title='bbox 869 2727 1028 2816; x_wconf 68' lang='lat' dir='ltr'>flamna</span> <span class='ocrx_word' id='word_1_101' title='bbox 1044 2735 1204 2824; x_wconf 90' lang='lat' dir='ltr'>Gallum</span> 
     </span>
    </p>

    <p class='ocr_par' dir='ltr' id='par_1_17' title="bbox 135 2867 1199 2992">
     <span class='ocr_line' id='line_1_18' title="bbox 135 2867 1199 2992; baseline 0.007 -43"><span class='ocrx_word' id='word_1_102' title='bbox 135 2871 263 2952; x_wconf 76' lang='lat' dir='ltr'>Aonas</span> <span class='ocrx_word' id='word_1_103' title='bbox 280 2869 320 2949; x_wconf 86' lang='lat' dir='ltr'>in</span> <span class='ocrx_word' id='word_1_104' title='bbox 338 2884 484 2950; x_wconf 87' lang='lat' dir='ltr'>montes</span> <span class='ocrx_word' id='word_1_105' title='bbox 502 2886 546 2950; x_wconf 92' lang='lat' dir='ltr'>ut</span> <span class='ocrx_word' id='word_1_106' title='bbox 564 2868 712 2949; x_wconf 80' lang='lat' dir='ltr'>duxerit</span> <span class='ocrx_word' id='word_1_107' title='bbox 723 2895 797 2950; x_wconf 89' lang='lat' dir='ltr'>uua</span> <span class='ocrx_word' id='word_1_108' title='bbox 810 2867 979 2957; x_wconf 83' lang='lat' dir='ltr'>sororum</span> <span class='ocrx_word' id='word_1_109' title='bbox 996 2917 1010 2975; x_wconf 77' lang='lat'>3</span> <span class='ocrx_word' id='word_1_110' title='bbox 1143 2881 1169 2962; x_wconf 86' lang='lat'><strong>6</strong></span> <span class='ocrx_word' id='word_1_111' title='bbox 1175 2904 1199 2992; x_wconf 77' lang='grc' dir='ltr'><em>ς</em></span> 
     </span>
    </p>

    <p class='ocr_par' dir='ltr' id='par_1_18' title="bbox 135 3006 1090 3120">
     <span class='ocr_line' id='line_1_19' title="bbox 135 3006 1090 3120; baseline 0.009 -31"><span class='ocrx_word' id='word_1_112' title='bbox 135 3008 267 3120; x_wconf 87' lang='lat' dir='ltr'>thue</span> <span class='ocrx_word' id='word_1_113' title='bbox 284 3007 364 3090; x_wconf 87' lang='lat' dir='ltr'>viro</span> <span class='ocrx_word' id='word_1_114' title='bbox 378 3008 525 3090; x_wconf 88' lang='lat' dir='ltr'>Phoebi</span> <span class='ocrx_word' id='word_1_115' title='bbox 539 3006 676 3089; x_wconf 79' lang='lat' dir='ltr'>chorus</span> <span class='ocrx_word' id='word_1_116' title='bbox 695 3007 924 3091; x_wconf 68' lang='lat' dir='ltr'>assurrexerit</span> <span class='ocrx_word' id='word_1_117' title='bbox 942 3014 1090 3098; x_wconf 87' lang='lat' dir='ltr'>omnis:</span> 
     </span>
    </p>

    <p class='ocr_par' dir='ltr' id='par_1_19' title="bbox 136 3145 987 3252">
     <span class='ocr_line' id='line_1_20' title="bbox 136 3145 987 3252; baseline -0.002 -25"><span class='ocrx_word' id='word_1_118' title='bbox 136 3148 194 3229; x_wconf 94' lang='lat' dir='ltr'>Ut</span> <span class='ocrx_word' id='word_1_119' title='bbox 206 3148 324 3231; x_wconf 83' lang='lat' dir='ltr'>Linus</span> <span class='ocrx_word' id='word_1_120' title='bbox 340 3147 434 3229; x_wconf 88' lang='lat' dir='ltr'>haec</span> <span class='ocrx_word' id='word_1_121' title='bbox 454 3146 509 3226; x_wconf 90' lang='lat' dir='ltr'>illi</span> <span class='ocrx_word' id='word_1_122' title='bbox 526 3147 656 3224; x_wconf 86' lang='lat' dir='ltr'>divino</span> <span class='ocrx_word' id='word_1_123' title='bbox 674 3145 839 3223; x_wconf 82' lang='lat' dir='ltr'>carmine</span> <span class='ocrx_word' id='word_1_124' title='bbox 853 3146 987 3252; x_wconf 86' lang='lat' dir='ltr'>pastor,</span> 
     </span>
    </p>

    <p class='ocr_par' dir='ltr' id='par_1_20' title="bbox 135 3284 988 3399">
     <span class='ocr_line' id='line_1_21' title="bbox 135 3284 988 3399; baseline -0.002 -29"><span class='ocrx_word' id='word_1_125' title='bbox 135 3287 307 3372; x_wconf 82' lang='lat' dir='ltr'>Floribus</span> <span class='ocrx_word' id='word_1_126' title='bbox 321 3308 434 3399; x_wconf 88' lang='lat' dir='ltr'>atque</span> <span class='ocrx_word' id='word_1_127' title='bbox 445 3286 532 3398; x_wconf 89' lang='lat' dir='ltr'>apio</span> <span class='ocrx_word' id='word_1_128' title='bbox 550 3284 670 3366; x_wconf 82' lang='lat' dir='ltr'>crinea</span> <span class='ocrx_word' id='word_1_129' title='bbox 682 3299 831 3365; x_wconf 83' lang='lat' dir='ltr'>ornatus</span> <span class='ocrx_word' id='word_1_130' title='bbox 847 3302 988 3385; x_wconf 81' lang='lat' dir='ltr'>arnano,</span> 
     </span>
    </p>

    <p class='ocr_par' dir='ltr' id='par_1_21' title="bbox 139 3425 1224 3540">
     <span class='ocr_line' id='line_1_22' title="bbox 139 3425 1224 3540; baseline 0.005 -30"><span class='ocrx_word' id='word_1_131' title='bbox 139 3431 311 3514; x_wconf 85' lang='lat' dir='ltr'>Dixerit:</span> <span class='ocrx_word' id='word_1_132' title='bbox 342 3431 412 3512; x_wconf 89' lang='lat' dir='ltr'>hos</span> <span class='ocrx_word' id='word_1_133' title='bbox 432 3430 501 3510; x_wconf 92' lang='lat' dir='ltr'>tibi</span> <span class='ocrx_word' id='word_1_134' title='bbox 520 3429 610 3510; x_wconf 92' lang='lat' dir='ltr'>dant</span> <span class='ocrx_word' id='word_1_135' title='bbox 627 3425 803 3524; x_wconf 64' lang='lat' dir='ltr'>calamon</span> <span class='ocrx_word' id='word_1_136' title='bbox 824 3453 871 3506; x_wconf 90' lang='lat' dir='ltr'>en</span> <span class='ocrx_word' id='word_1_137' title='bbox 887 3429 1029 3540; x_wconf 80' lang='lat' dir='ltr'>accipe,</span> <span class='ocrx_word' id='word_1_138' title='bbox 1048 3431 1193 3535; x_wconf 83' lang='lat' dir='ltr'>Musae,</span> <span class='ocrx_word' id='word_1_139' title='bbox 1222 3506 1224 3515; x_wconf 24' lang='grc' dir='ltr'>ι</span> 
     </span>
    </p>

    <p class='ocr_par' dir='ltr' id='par_1_22' title="bbox 136 3565 1203 3690">
     <span class='ocr_line' id='line_1_23' title="bbox 136 3565 1203 3690; baseline 0.003 -42"><span class='ocrx_word' id='word_1_140' title='bbox 136 3571 297 3653; x_wconf 85' lang='lat' dir='ltr'>Ascraeo</span> <span class='ocrx_word' id='word_1_141' title='bbox 315 3598 411 3682; x_wconf 86' lang='lat' dir='ltr'>quos</span> <span class='ocrx_word' id='word_1_142' title='bbox 423 3587 508 3652; x_wconf 83' lang='lat' dir='ltr'>ante</span> <span class='ocrx_word' id='word_1_143' title='bbox 519 3570 613 3652; x_wconf 87' lang='lat' dir='ltr'>seni:</span> <span class='ocrx_word' id='word_1_144' title='bbox 641 3565 855 3678; x_wconf 85' lang='lat' dir='ltr'>quibusille</span> <span class='ocrx_word' id='word_1_145' title='bbox 875 3567 1014 3650; x_wconf 77' lang='lat' dir='ltr'>solebat</span> <span class='ocrx_word' id='word_1_146' title='bbox 1146 3603 1203 3690; x_wconf 84' lang='lat'>70</span> 
     </span>
    </p>

    <p class='ocr_par' dir='ltr' id='par_1_23' title="bbox 137 3708 1023 3821">
     <span class='ocr_line' id='line_1_24' title="bbox 137 3708 1023 3821; baseline 0.008 -32"><span class='ocrx_word' id='word_1_147' title='bbox 137 3708 333 3793; x_wconf 84' lang='lat' dir='ltr'>Cantando</span> <span class='ocrx_word' id='word_1_148' title='bbox 348 3711 482 3821; x_wconf 85' lang='lat' dir='ltr'>rigidas</span> <span class='ocrx_word' id='word_1_149' title='bbox 494 3708 678 3790; x_wconf 84' lang='lat' dir='ltr'>deducere</span> <span class='ocrx_word' id='word_1_150' title='bbox 692 3708 884 3790; x_wconf 86' lang='lat' dir='ltr'>montibus</span> <span class='ocrx_word' id='word_1_151' title='bbox 899 3736 1023 3796; x_wconf 76' lang='lat' dir='ltr'>ornos.</span> 
     </span>
    </p>

    <p class='ocr_par' dir='ltr' id='par_1_24' title="bbox 139 3845 965 3964">
     <span class='ocr_line' id='line_1_25' title="bbox 139 3845 965 3964; baseline 0.004 -40"><span class='ocrx_word' id='word_1_152' title='bbox 139 3845 213 3927; x_wconf 83' lang='lat' dir='ltr'>His</span> <span class='ocrx_word' id='word_1_153' title='bbox 226 3849 296 3930; x_wconf 90' lang='lat' dir='ltr'>tibi</span> <span class='ocrx_word' id='word_1_154' title='bbox 307 3852 477 3959; x_wconf 84' lang='lat' dir='ltr'>Grynaei</span> <span class='ocrx_word' id='word_1_155' title='bbox 495 3848 658 3941; x_wconf 79' lang='lat' dir='ltr'>nemoris</span> <span class='ocrx_word' id='word_1_156' title='bbox 676 3848 818 3929; x_wconf 76' lang='lat' dir='ltr'>dicatur</span> <span class='ocrx_word' id='word_1_157' title='bbox 835 3847 965 3964; x_wconf 77' lang='lat' dir='ltr'>orig03</span> 
     </span>
    </p>

    <p class='ocr_par' dir='ltr' id='par_1_25' title="bbox 137 3985 1045 4100">
     <span class='ocr_line' id='line_1_26' title="bbox 137 3985 1045 4100; baseline 0.007 -35"><span class='ocrx_word' id='word_1_158' title='bbox 137 3985 304 4095; x_wconf 75' lang='lat' dir='ltr'>Nequit</span> <span class='ocrx_word' id='word_1_159' title='bbox 323 3989 367 4069; x_wconf 83' lang='lat' dir='ltr'>srt</span> <span class='ocrx_word' id='word_1_160' title='bbox 383 3987 502 4090; x_wconf 80' lang='lat' dir='ltr'>lucar,</span> <span class='ocrx_word' id='word_1_161' title='bbox 533 4016 611 4099; x_wconf 83' lang='lat' dir='ltr'>quo</span> <span class='ocrx_word' id='word_1_162' title='bbox 625 3986 661 4072; x_wconf 87' lang='lat' dir='ltr'>se</span> <span class='ocrx_word' id='word_1_163' title='bbox 674 3987 756 4099; x_wconf 84' lang='lat' dir='ltr'>plus</span> <span class='ocrx_word' id='word_1_164' title='bbox 763 3986 878 4098; x_wconf 67' lang='lat' dir='ltr'>jader</span> <span class='ocrx_word' id='word_1_165' title='bbox 891 3985 1045 4100; x_wconf 85' lang='lat' dir='ltr'>Apollo.</span> 
     </span>
    </p>

    <p class='ocr_par' dir='ltr' id='par_1_26' title="bbox 137 4126 1209 4244">
     <span class='ocr_line' id='line_1_27' title="bbox 137 4126 1209 4244; baseline 0.009 -37"><span class='ocrx_word' id='word_1_166' title='bbox 137 4128 246 4237; x_wconf 81' lang='lat' dir='ltr'>Qid</span> <span class='ocrx_word' id='word_1_167' title='bbox 258 4126 391 4238; x_wconf 90' lang='lat' dir='ltr'>loquar</span> <span class='ocrx_word' id='word_1_168' title='bbox 401 4149 465 4212; x_wconf 90' lang='lat' dir='ltr'>aut</span> <span class='ocrx_word' id='word_1_169' title='bbox 480 4130 644 4244; x_wconf 82' lang='lat' dir='ltr'>Scyllam</span> <span class='ocrx_word' id='word_1_170' title='bbox 660 4130 759 4228; x_wconf 82' lang='lat' dir='ltr'>Nifi,</span> <span class='ocrx_word' id='word_1_171' title='bbox 777 4156 894 4239; x_wconf 89' lang='lat' dir='ltr'>quam</span> <span class='ocrx_word' id='word_1_172' title='bbox 908 4128 1009 4212; x_wconf 85' lang='lat' dir='ltr'>fama</span> <span class='ocrx_word' id='word_1_173' title='bbox 1021 4132 1142 4214; x_wconf 88' lang='lat' dir='ltr'>secuta</span> <span class='ocrx_word' id='word_1_174' title='bbox 1155 4135 1209 4216; x_wconf 82' lang='lat' dir='ltr'>est</span> 
     </span>
    </p>

    <p class='ocr_par' dir='ltr' id='par_1_27' title="bbox 137 4264 1207 4383">
     <span class='ocr_line' id='line_1_28' title="bbox 137 4264 1207 4383; baseline 0 -34"><span class='ocrx_word' id='word_1_175' title='bbox 137 4266 309 4351; x_wconf 76' lang='lat' dir='ltr'>Candida</span> <span class='ocrx_word' id='word_1_176' title='bbox 320 4264 547 4355; x_wconf 74' lang='lat' dir='ltr'>sueciudtam</span> <span class='ocrx_word' id='word_1_177' title='bbox 561 4265 778 4351; x_wconf 78' lang='lat' dir='ltr'>latrantibus</span> <span class='ocrx_word' id='word_1_178' title='bbox 791 4267 944 4377; x_wconf 80' lang='lat' dir='ltr'>iruguina</span> <span class='ocrx_word' id='word_1_179' title='bbox 958 4270 1132 4351; x_wconf 78' lang='lat' dir='ltr'>monstris</span> <span class='ocrx_word' id='word_1_180' title='bbox 1148 4302 1176 4380; x_wconf 91' lang='lat'>7</span> <span class='ocrx_word' id='word_1_181' title='bbox 1183 4296 1207 4383; x_wconf 84' lang='grc' dir='ltr'><em>ς</em></span> 
     </span>
    </p>

    <p class='ocr_par' dir='ltr' id='par_1_28' title="bbox 687 4407 1216 4521">
     <span class='ocr_line' id='line_1_29' title="bbox 687 4407 1216 4521; baseline 0.004 -30"><span class='ocrx_word' id='word_1_182' title='bbox 687 4410 722 4491; x_wconf 94' lang='lat' dir='ltr'>C</span> <span class='ocrx_word' id='word_1_183' title='bbox 754 4438 776 4521; x_wconf 80' lang='lat'><em>3</em></span> <span class='ocrx_word' id='word_1_184' title='bbox 1017 4407 1216 4493; x_wconf 71' lang='lat' dir='ltr'>Dulichias</span> 
     </span>
    </p>
   </div>
   <div class='ocr_carea' id='block_1_3' title="bbox 0 0 1489 5078">
    <p class='ocr_par' dir='ltr' id='par_1_29' title="bbox 0 0 1489 5078">
     <span class='ocr_line' id='line_1_30' title="bbox 0 0 1489 5078; baseline 0 0"><span class='ocrx_word' id='word_1_185' title='bbox 0 0 1489 5078; x_wconf 95' lang='lat' dir='ltr'> </span> 
     </span>
    </p>
   </div>
  </div>
 </body>
</html>
