2948 5078
192 282 197 291 '
302 309 403 385 120
476 271 1163 372 P.V1re1rr1Marours

294 477 461 567 ‘Amiffos
478 477 644 587 queritur
662 475 784 558 foetus
798 517 811 575 3
843 503 938 588 quos
954 475 1069 557 durus
1085 496 1206 561 arator
1355 508 1358 513 ·

297 618 505 704 Observans
522 618 614 698 nido
632 617 849 727 implumes,
881 617 1039 697 detraxit
1049 656 1063 716 3
1094 637 1133 698 at
1151 618 1217 700 illa

142 728 147 737 Ι
295 760 383 845 Flet
402 763 566 862 nostem,
598 786 780 867 ramoque
800 757 927 838 sedens
938 728 1144 839 miserabile
1157 786 1312 841 carmen

297 905 475 1012 integrat,
506 918 544 982 et
558 900 709 982 moestis
722 898 795 978 lata
810 896 894 978 loca
905 897 1096 1008 questibus
1108 900 1255 1011 implet.
1290 924 1339 1011 51
1346 925 1370 1011 ς

297 1044 420 1129 Nulla
433 1044 576 1140 Venus,
606 1039 776 1150 nullique
794 1039 967 1121 animum
987 1038 1123 1123 flexere
1140 1039 1355 1150 hymenaei.

300 1185 408 1268 Sosus
423 1183 683 1294 Hyperboreas
700 1180 847 1292 glacies,
875 1181 1119 1292 Tanaimque
1136 1181 1312 1281 nivalem,

300 1328 478 1433 Arvaque
502 1320 683 1432 Riphaeis
696 1347 892 1430 nunquam
905 1319 1054 1400 viduata
1072 1321 1215 1432 pruinis

300 1458 511 1561 Lustrabat‚
543 1475 689 1568 raptam
706 1457 934 1566 Eurydicen,
964 1475 1077 1568 atque
1095 1459 1195 1542 irrita
1213 1458 1313 1541 Ditis

300 1600 417 1682 Dona
440 1578 625 1709 querens(
640 1590 760 1711 spreto
783 1583 973 1677 Ciconum
1001 1625 1080 1707 quo
1108 1623 1263 1679 munere
1290 1622 1377 1677 ma·

307 1754 448 1835 .·tres‚
615 1772 617 1777 ·
1286 1762 1376 1849 520

301 1874 516 1961 Intersacra
529 1875 660 1975 deum,
675 1875 939 1986 ‘nostumique
953 1876 1056 1984 orgia
1074 1875 1226 1973 Bacchi,

301 1984 545 2127 Discerptum
560 2015 840 2124 latosjuvenem
860 2016 1016 2128 sparsere
1030 2044 1096 2126 per
1113 2043 1232 2126 agros.

298 2153 413 2265 ,Tum
451 2182 604 2266 quoque
646 2183 857 2245 mamorea
907 2172 1021 2265 caput
1065 2184 1088 2238 a
1131 2156 1275 2244 cervice
1316 2183 1378 2239 re·

180 2306 184 2311 “
361 2292 523 2391 misum,

256 2457 259 2463 ·
302 2430 465 2541 Gurgite
478 2459 571 2513 eum
586 2431 714 2514 medio
735 2451 884 2543 portans
902 2434 1084 2544 Oeagrius
1099 2434 1252 2516 Hebrus

302 2571 493 2674 Volveret,
525 2575 740 2682 Eurydicen
754 2604 828 2656 vox
843 2577 918 2686 ipsa
932 2596 968 2657 et
984 2578 1119 2686 frigida
1132 2577 1271 2687 lingua,
1291 2604 1342 2687 52
1351 2604 1375 2687 ς

303 2713 372 2796 Ah
391 2715 564 2795 miseram
577 2716 816 2824 Eurydicen!
850 2719 975 2797 anima
992 2717 1172 2826 fugiente,
1202 2719 1376 2801 vocabatz

303 2855 501 2962 Euydicen
516 2872 594 2935 toto
609 2854 815 2939 referebant
834 2856 991 2939 flumine
1009 2860 1121 2968 ripae.

306 2994 414 3076 Haec
426 2996 604 3078 Proteus:
636 2997 726 3077 etse
739 3001 843 3103 jactu
860 2999 963 3078 dedit
981 3028 1119 3107 aequor
1138 3000 1177 3079 in
1192 2999 1309 3079 altum
1323 3039 1335 3097 3

305 3131 470 3242 Quaque
513 3135 627 3233 dedit,
676 3136 912 3247 spumantem
953 3140 1095 3231 undam
1137 3139 1204 3222 sub
1243 3140 1379 3219 vertice

366 3275 479 3355 torsrt.
1292 3308 1377 3389 5²9

305 3413 362 3492 At
377 3437 455 3492 non
468 3412 614 3518 Cyrene
633 3442 644 3493 a
664 3441 829 3524 namque
847 3416 945 3498 ultro
963 3416 1071 3506 affata
1087 3418 1285 3497 timentem
1307 3451 1316 3502 ε

306 3549 422 3645 Nate,
453 3549 539 3631 licet
557 3552 673 3636 tristes
690 3556 818 3638 animo
832 3558 1016 3669 deponere
1030 3586 1146 3641 curas.

308 3685 417 3768 Haec
441 3691 565 3775 omnis
586 3694 709 3786 morbi
734 3696 864 3779 causa:
900 3696 991 3778 hinc
1016 3696 1221 3781 miserabile
1250 3698 1381 3809 Nym„

370 3825 480 3934 phae,
1276 3831 1280 3834 ⁴

307 3961 413 4054 Cum
435 3965 571 4071 quibus
589 3967 651 4048 illa
672 3970 806 4053 choros
825 3973 918 4056 lucis
933 3979 1094 4088 agitabat
1111 3980 1150 4061 in
1168 3980 1263 4082 altis,

195 4152 198 4163 ·
308 4099 482 4196 Exitium
505 4105 635 4189 misere
654 4111 796 4220 apibus.
827 4132 869 4200 tu
884 4145 1042 4204 munera
1060 4120 1219 4238 supplex

1245 4256 1383 4340 Tende
