2948 5078
386 406 389 411 ·
434 364 766 455 Anunrbos.
807 334 1028 450 Lr-nIII.
1171 378 1269 480 too

198 560 335 647 Lustra
355 563 561 672 domosque
576 560 696 658 traho,
709 558 901 667 vastosque
912 557 960 639 ab
976 583 1070 665 rupe
1083 555 1269 666 Cyclopas

199 705 398 815 Prospicio‚
411 704 647 812 sonitumque
659 701 803 812 pedum
811 725 1026 806 vocemque
1043 695 1227 784 tremisco.
1247 758 1251 764 .

199 847 358 928 Victum
374 846 577 942 infelicem,
597 842 1121 951 bancas'lapidofaque.coma,.
1176 882 1178 887 .
1219 843 1230 898 s

198 989 303 1068 Dant
319 987 429 1081 rami,
451 1004 490 1066 et
508 983 618 1066 vulfis
631 983 784 1093 pascunt
799 982 984 1063 radicibus
994 978 1142 1065 herbae.
1175 985 1200 1064 6
1207 1007 1263 1092 50
1410 958 1413 962 ⁴

200 1131 342 1210 Omnia
359 1126 587 1222 collustrans,
603 1123 701 1206 hanc
714 1125 881 1233 primum
898 1125 946 1206 ad
962 1122 1068 1205 litora
1084 1120 1235 1204 claffem

198 1265 389 1376 Conspexi
404 1264 637 1345 venienteme
667 1263 759 1343 huic
775 1291 852 1365 me,
873 1290 1118 1371 quaecunque
1130 1259 1268 1361 fuiffet'

199 1400 372 1487 Addixiz.
394 1402 476 1484 satis
492 1401 546 1483 est
563 1419 715 1510 gentem
727 1402 893 1510 effugiffe
908 1401 1121 1488 nefandam.
1194 1452 1199 1460 ·
1248 1461 1252 1470 -

198 1543 280 1624 Vos
292 1545 460 1624 animam
473 1540 571 1625 hanc
583 1543 707 1652 potius
718 1571 943 1653 quocunque
956 1542 1136 1624 absumite
1150 1538 1269 1627 letho:

199 1682 279 1763 Vix
291 1681 445 1764 casatus
459 1700 548 1780 erat,
561 1683 714 1763 summo
727 1710 819 1763 cum
832 1701 962 1765 monte
974 1683 1144 1765 videmus
1176 1685 1201 1766 6
1209 1705 1265 1793 ςς

198 1822 329 1933 Ipsum
346 1824 442 1903 inter
459 1823 620 1933 pecudes
636 1823 735 1903 vasta
746 1823 783 1904 se
810 1823 913 1904 mole
933 1839 1150 1904 moventem
1250 1834 1254 1845 '

199 1962 390 2046 Pastorem
403 1963 698 2074 Polyphemum,
713 1984 751 2046 et
767 1963 873 2045 litora
883 1981 970 2045 nota
985 1980 1175 2076 petentem
1189 1990 1202 2044 a

200 2100 425 2182 Monstrum
439 2100 683 2201 horrendum,
698 2103 871 2201 informe,
895 2104 1039 2213 ingens,
1054 2102 1267 2184 cuilumen'

378 2242 587 2329 adernmnn

196 2377 352 2461 Trunca
369 2410 487 2499 manu
507 2387 617 2495 pinus
633 2386 740 2497 regit,
758 2405 796 2470 et
814 2388 966 2495 vestigia
986 2384 1124 2469 firmat.

197 2518 403 2630 Lanigerae
414 2526 638 2608 comitantur
650 2553 749 2619 oves,
764 2553 809 2603 ea
825 2526 900 2604 fola
917 2524 1099 2630 voluptas,
1177 2521 1268 2603 660

198 2659 451 2766 Solamenque
470 2663 572 2744 nrali.
603 2663 651 2740 de
664 2661 771 2739 collo.
780 2661 900 2740 fistula
917 2661 1066 2768 pendet.

198 2794 405 2904 Postquam
421 2797 515 2879 altos
526 2800 647 2907 tetigit
663 2797 809 2897 fluctus,
828 2817 868 2878 et
881 2799 929 2878 ad
946 2823 1106 2907 aequora
1122 2796 1244 2896 venit,¹

197 2935 372 3016 Luminis
389 2934 506 3018 effoffi
528 2938 689 3019 fluidum
708 2937 905 3020 lavirinde
918 2966 1103 3023 cruorem
1218 3011 1222 3017 .
1275 3008 1278 3014 .

204 3077 392 3159 Dentibus
427 3078 638 3162 infrendens
655 3080 798 3190 gemitu
810 3119 822 3177 3
858 3079 1094 3189 graditurque
1111 3105 1177 3188 per
1204 3092 1269 3159 ae'·

383 3248 480 3330 quor
1153 3278 1159 3289 ·
1179 3223 1268 3327 664

202 3357 292 3465 Jam
310 3361 493 3462 medium,
513 3392 583 3445 nec
601 3365 696 3446 dum
715 3360 850 3446 sunus
867 3365 977 3447 latera
994 3361 1108 3445 ardua
1123 3360 1277 3455 tinxit...
1395 3460 1398 3465 Ι

199 3497 285 3580 Nos
302 3503 433 3610 procul
450 3504 538 3585 inde
567 3506 699 3615 fugam
716 3506 850 3615 trepidi
865 3503 1035 3602 celerare,
1056 3521 1206 3613 recepto
1401 3474 1404 3485 ⁵

199 3636 388 3747 Supplice,
410 3643 460 3723 src
478 3645 624 3743 merito,
642 3645 819 3753 tacitique
839 3643 999 3723 incidere
1012 3642 1170 3724 funem:
1197 3734 1201 3742 ,

199 3774 395 3862 Verrimus
412 3787 576 3894 et·proni
597 3788 819 3866 certantibus
832 3813 993 3894 aequora
1008 3785 1133 3870 remis.
1315 3886 1318 3901 Ι

201 3917 328 4018 Senfit‚
344 3942 381 4003 et
399 3926 446 4004 ad
465 3927 626 4007 sonitum
644 3928 744 4008 vocis
762 3927 913 4035 vestigia
927 3926 1039 4010 torfit.
1176 3927 1262 4034 669

199 4053 346 4139 Verum
361 4062 427 4141 ubi
444 4066 546 4146 nulla
554 4067 839 4147 daturdextram
852 4063 1203 4176 affedtmepotestaa
1234 4103 1236 4106 ·

198 4196 286 4316 Nec
303 4201 399 4313 potis
418 4205 545 4295 Ionios
565 4204 701 4292 bucon
716 4235 873 4319 aequare
890 4205 1091 4322 sequendo,

685 4347 719 4433 P
1123 4341 1279 4428 Clamo·
