2948 5078
327 356 700 449 Buconrnn.
737 352 874 447 Ecn.
910 355 968 447 V.
1127 306 1197 467 '17'

118 557 244 640 Man.
276 555 374 638 Tale
392 576 503 638 tuum
519 582 669 636 carmen
687 553 806 650 nobis,
824 552 950 633 divine
959 559 1081 664 polita,
1128 585 1153 662 4
1162 587 1185 668 ς

118 696 242 809 Qale
259 697 367 808 sopor
377 697 481 780 'feffis
498 696 538 776 iu
553 695 741 805 gramine:
772 693 881 804 quale
904 721 972 804 per
987 695 1130 777 aelium

37 882 41 889 ·
118 841 254 924 Dulcis
272 868 390 949 aquae
407 839 556 921 saliente
577 839 676 918 fitim
692 835 915 944 restinguere
930 836 1022 917 rivo.

117 975 206 1060 Nec
223 976 374 1058 calamis
388 975 509 1057 solum
520 974 749 1083 aequiparas,
767 971 830 1051 sed
848 998 940 1054 voce
955 973 1187 1082 magistrum.

117 1117 320 1200 Fortunate
342 1144 446 1227 puer,
466 1135 510 1196 tu
527 1142 628 1195 nunc
640 1114 711 1194 eris
728 1111 820 1194 alter
834 1113 882 1193 ab
896 1111 974 1197 illo.

119 1252 337 1338 Nostamen
346 1253 439 1334 haec
448 1278 690 1363 quocumque
698 1251 816 1331 modo
825 1247 893 1329 tihi
901 1250 1190 1334 nostraviciffim

122 1393 327 1474 Dicemus:
348 1390 603 1501 Daphnisque
620 1409 732 1472 tuum
744 1387 919 1472 tollemus
926 1389 974 1472 ad
992 1388 1109 1474 astra:
1134 1420 1185 1503 51

120 1528 306 1639 Daphnin
339 1530 387 1609 ad
422 1529 517 1610 astra
547 1528 738 1608 feremus:
776 1529 914 1609 amavit
941 1557 1009 1612 nos
1040 1561 1193 1644 quoque

162 1668 168 1681 '
311 1665 500 1776 Daphnis,

122 1807 238 1889 Mon.
270 1809 340 1887 An·
354 1809 560 1917 quicquam
577 1803 685 1884 nobis
701 1803 764 1884 tali
780 1806 824 1886 sit
843 1834 999 1890 munere
1012 1813 1159 1920 majus?

121 1950 173 2030 Et
192 1975 285 2058 puer
304 1948 379 2057 ipse
396 1943 471 2028 fuit
487 1946 624 2029 cantari
642 1943 804 2055 dignus:
835 1967 873 2028 et
885 1949 952 2029 ista

120 2087 355 2196 Jampridem
368 2088 557 2170 Stimicon·
569 2085 731 2168 laudavit
749 2088 915 2168 carmina
934 2089 1054 2171 nobis.
1135 2120 1158 2203 5
1165 2120 1190 2204 ς

122 2226 251 2310 Meu.
283 2227 472 2308 Candidus
484 2226 669 2307 insuetum
686 2224 841 2307 miratur
858 2226 974 2309 limen
990 2228 1162 2341 Olympi,

123 2365 201 2445 Sub
217 2365 447 2475 pedibusque
464 2367 564 2449 videt
580 2367 698 2446 nubes
718 2384 756 2447 et
773 2365 888 2450 sidera
901 2369 1092 2480 Daphnis.

123 2505 226 2614 Ergo
241 2505 369 2586 alacris
382 2505 510 2613 sylvas,
529 2524 567 2586 et
583 2523 725 2586 caetera
742 2532 826 2586 rura
841 2505 1022 2615 voluptas,

125 2644 312 2755 Panaque,
332 2644 564 2755 pastoresque
578 2661 691 2743 tenet,
714 2643 956 2751 Dryadasque
970 2643 1122 2756 puellas.

122 2783 209 2865 Nec
225 2784 335 2896 lupus
352 2784 496 2867 infidias
508 2787 647 2896 pecori,
663 2811 733 2864 nec
750 2784 840 2865 retia
854 2785 970 2866 cervis
1132 2786 1189 2868 60

125 2923 216 3003 Ulla
228 2924 360 3005 dolum
374 2926 618 3007 meditantur:
650 2942 751 3005 amat
766 2923 888 3007 bonus
905 2928 980 3007 otia
992 2921 1178 3034 Daphnis.

126 3063 201 3171 lpfi
221 3061 355 3146 laetitia
372 3091 480 3161 voces
498 3064 545 3145 ad
560 3064 674 3144 fidera
688 3066 830 3171 jadant

67 3234 72 3242 ·
128 3203 268 3284 Intonfi
285 3222 457 3285 montes:
489 3204 586 3312 ipsae
601 3203 683 3310 jam
700 3201 866 3283 carmina
883 3229 1004 3313 rupes,

126 3342 209 3452 Ipsa
226 3344 355 3425 sonant
371 3341 536 3425 arbusta:
570 3343 690 3440 Deus,
706 3341 811 3423 Deus
825 3341 903 3445 ille,
924 3340 1114 3426 Menalca.
1173 3426 1177 3432 ,

130 3484 185 3562 Sis
203 3484 362 3566 bonuso
380 3483 544 3594 felixque
561 3484 656 3566 tuis!
688 3512 737 3564 en
754 3498 914 3593 quatuor
933 3511 1034 3567 aras:
1138 3486 1162 3568 6
1169 3514 1192 3597 ς

127 3627 228 3706 Ecce
241 3629 333 3708 duas
350 3628 432 3730 tibi,
454 3626 621 3735 Daphni,
640 3627 792 3735 duoque
803 3626 928 3707 altaria
948 3624 1115 3709 Phoebo.

128 3766 272 3847 Pocula
288 3770 377 3850 bina
391 3797 489 3849 novo
500 3767 709 3878 spumantia
726 3766 821 3849 laste
835 3769 1045 3877 quotannis,

56 3887 66 3897 ’
131 3906 370 4015 Craterasque
385 3908 477 3988 duos
491 3905 649 3986 statuam
666 3908 734 3986 tibi
747 3906 896 4015 pinguis
908 3907 1020 3990 olivi:

131 4045 184 4126 Et
202 4043 324 4123 multo
341 4047 511 4155 inprimis
524 4043 683 4127 hilarans
700 4045 868 4128 convivia
881 4044 1042 4148 Bacche,

131 4186 235 4266 Ante
249 4181 394 4284 focum,
411 4183 567 4298 tisrigus
581 4184 679 4285 erit,
700 4184 881 4289 fimeslis,
897 4187 1094 4287 inumbra,
1143 4216 1200 4297 70
1349 4262 1351 4267 .

511 4354 516 4365 ·
638 4323 761 4410 Cur
1104 4323 1205 4400 Vina
1290 4333 1295 4342 '
