2948 5078
388 333 1052 461 fnanarnoa-Lmlv„
1165 372 1277 481 217,

198 557 310 638 Dum
327 551 615 662 trepidantalae,
634 548 816 658 saltusque
835 547 1009 655 indagine
1026 547 1195 659 cingunt,
1280 572 1285 581 ·

198 694 367 804 Desuper
381 691 594 809 infundam,
611 709 650 773 et
669 690 807 771 tonitru
820 687 971 769 coelum
988 717 1103 771 omne
1115 693 1233 776 ciebo.
1269 776 1275 787 ,

199 834 418 945 Diffugient
440 835 611 930 comites,
629 850 668 914 et
689 835 800 914 noue
817 848 987 941 tegentur
1004 860 1133 944 opaca.
1278 914 1285 926 ,

195 975 427 1085 'Speluncam
441 973 547 1054 Dido
563 972 643 1054 dux
661 989 699 1053 et
715 973 900 1080 Trojanus
913 973 1072 1056 eandem
1263 962 1285 1075 ’,

197 1117 435 1202 Devenient.·
449 1115 573 1219 adero,
596 1132 635 1196 et
644 1112 747 1194 tuasr
763 1112 859 1196 mihi
868 1128 967 1196 certa
981 1114 1161 1215 voluntas,
1174 1089 1200 1201 ¹1
1211 1143 1234 1202 2
1240 1144 1266 1231 5

196 1255 402 1336 Connubio
422 1255 583 1364 jungam
608 1252 742 1350 stabili,
760 1254 1024 1364 propriamque
1050 1255 1198 1341 dicabo.

199 1395 280 1475 Hic
296 1396 540 1505 Hymenaeus
558 1397 639 1478 erit.
653 1422 730 1475 non
746 1393 930 1476 adversata
949 1397 1101 1505 petenti,

200 1533 352 1614 Annuit
372 1552 483 1642 atque
500 1533 596 1615 dolis
610 1533 685 1614 rifit
698 1531 882 1641 Cytherea
894 1536 1056 1643 repertis.

261 1672 487 1754 Oceanum
476 1692 614 1756 interea
631 1672 780 1786 surgens
797 1701 926 1754 aurora
941 1673 1102 1785 rehqust
1280 1759 1287 1771 ,

204 1816 254 1895 lt
265 1815 381 1925 portis
393 1815 524 1922 jubare
545 1833 676 1897 exorto
699 1814 878 1903 delecta
863 1834 1049 1923 juventus.
1189 1851 1203 1905 ι
1215 1849 1271 1934 3⁰

201 1956 312 2037 Retia
333 1983 424 2057 rara,
451 1954 594 2066 plagae,
623 1956 698 2038 lato
715 1954 897 2038 venabula
917 1956 1029 2055 ferro,

203 2092 433 2204 Massylique
448 2113 563 2176 ruunt
581 2095 736 2205 equites
754 2112 793 2176 et
809 2095 925 2178 odora
950 2123 1089 2179 canum
1106 2101 1173 2186 vis.
1282 2144 1285 2149 ·

202 2233 396 2340 Reginam
416 2231 583 2315 thalamo
606 2239 845 2317 cunctantem
864 2235 911 2317 ad
930 2235 1063 2319 limina
1080 2239 1194 2350 primi

202 2375 420 2461 Poenorum
439 2375 650 2486 exspestant
663 2394 690 2460 ι’
706 2376 878 2484 ostroque
900 2375 1051 2485 insignis
1061 2395 1099 2458 et
1111 2408 1204 2462 auro

205 2517 284 2601 stat
295 2516 451 2625 sonipes,
467 2544 510 2598 ac
525 2516 650 2597 fraena
663 2516 771 2595 ferox
785 2488 994 2622 spumantia
1015 2515 1173 2598 mandit.
1194 2545 1286 2631 135·

205 2653 383 2740 Tandem
401 2651 648 2756 progreditur,
667 2675 804 2755 magna
822 2648 978 2754 stipante
991 2665 1148 2747 caterva,
1277 2664 1286 2735 ζ

205 2789 397 2868 Sidoniam
412 2787 515 2896 pisto
535 2786 778 2896 chlamydem
793 2783 1021 2902 circumdata
1039 2786 1185 2873 limbo:

206 2930 281 3008 Cui
306 2925 477 3038 pharetra
493 2955 541 3007 ex
554 2955 659 3025 auro,
679 2926 797 3007 crines
814 2902 998 3013 nodantur
1017 2928 1057 3012 in
1075 2955 1224 3036 aurum,

208 3071 342 3147 Aurea·
353 3094 579 3177 purpuream
595 3067 778 3148 subnectit
794 3065 910 3147 fibula
927 3065 1078 3153 vestem.
1273 3148 1278 3153 .

129 3256 131 3265 =
206 3208 371 3291 Necnon
390 3224 428 3287 et
441 3205 596 3315 Phrygii
610 3208 779 3302 comites,
801 3224 839 3286 et
855 3204 970 3287 laetus
988 3205 1103 3304 Iiilus,
1193 3239 1276 3318 149

208 3346 415 3434 Incedunt}
446 3347 522 3455 ipse
536 3365 619 3428 ante
633 3346 724 3428 ahos
739 3343 1011 3455 pulcherrimus
1029 3373 1161 3428 omnes

209 3486 325 3567 Infert
342 3487 378 3573 se
391 3484 534 3567 socium
554 3487 712 3583 Aeneas,
731 3504 843 3593 atque
859 3484 1011 3593 agmina
1022 3485 1163 3595 jungit,

209 3629 352 3739 Qalis,
373 3630 439 3710 ubi
457 3627 654 3710 hibernam
672 3627 844 3734 Lyciam,
860 3624 1078 3736 Xanthique
1096 3628 1236 3713 fluenta

208 3769 367 3868 Deserit,
388 3797 432 3849 ac
450 3768 596 3850 Delum
614 3786 820 3849 maternam
832 3768 953 3848 invisit
974 3769 1129 3878 Apollo,
1274 3830 1280 3847 .

208 3909 462 4018 Instauratque
472 3907 628 4009 choros,
647 3908 833 4018 mixtique
847 3907 973 3991 altaria
984 3910 1128 3992 circum
1194 3938 1246 4019 14
1252 3938 1277 4022 y

209 4047 411 4157 Cretesque
424 4049 670 4159 Dryopesque
682 4048 862 4148 fremunt
878 4050 1044 4160 pisisque
1056 4044 1280 4161 Agathyrsi

212 4188 319 4409 Ipse
305 4188 407 4302 yugis
423 4188 567 4313 Cynthi
585 4190 760 4309 graditur,
782 4192 965 4309 mollique
984 4193 1164 4278 fluentem

1135 4329 1285 4422 Fronde
