2948 5078
398 366 449 468 Ρ.
483 372 753 466 Vrsorurr
788 372 1066 476 Msrrours

208 572 417 685 legionibus
438 571 663 674 intercludit,
701 588 744 653 ut
771 573 912 656 constat
933 606 981 658 ex
999 582 1177 692 Appiano
1202 586 1272 675 lib.¹

210 747 252 830 5.
314 715 423 796 Idem
456 714 577 794 Lucio
601 713 769 795 Perusrae
797 714 934 795 obsello
967 717 1148 830 suppetias
1162 725 1272 810 ,ferre

207 854 340 937 frustra
353 869 517 951 conatus,
565 851 632 932 sub
656 852 744 930 anni
774 853 954 962 sequentis
978 858 1130 941 initium
1148 863 1273 950 dedita

205 994 365 1091 Penuia,
398 1019 489 1072 cum
507 990 647 1100 septem
662 990 870 1098 legionibus
888 994 1107 1098 Veneriam,
1135 1003 1176 1082 in
1196 1034 1273 1114 qua

203 1136 356 1243 regione
373 1133 534 1212 Mantua
558 1131 624 1229 est,
656 1131 696 1210 in
713 1132 890 1240 potestate
907 1135 1065 1218 Antonii
1083 1140 1150 1222 diu
1175 1142 1271 1225 reti-

203 1291 282 1373 net,
313 1293 357 1353 ut
368 1273 517 1354 testatur
534 1271 712 1354 Velleius·

267 1420 396 1526 Atque
407 1413 500 1496 haec
518 1413 582 1494 illa
598 1414 652 1496 est
665 1412 819 1522 Agraria
831 1412 987 1523 largitio,
1017 1444 1092 1526 qua
1110 1422 1269 1533 Virgili.

202 1584 247 1640 us
273 1559 429 1638 Andino
446 1557 672 1665 patrimonio
692 1555 759 1635 suo
777 1555 977 1638 multtatus
999 1558 1066 1645 est.
1128 1565 1269 1674 Neque

200 1700 306 1780 enim
318 1697 385 1792 est,
417 1721 486 1772 cur
503 1694 689 1773 Corradus
707 1692 957 1773 calamitatem
973 1695 1078 1779 illam
1095 1703 1266 1787 accidiffe

198 1843 333 1948 poetae
363 1830 562 1938 suspicetur
591 1829 827 1909 decemvirali
860 1829 922 1909 illa
948 1831 1137 1935 divifione,
1170 1871 1266 1951 quae

201 1969 421 2063 Mutinense,
435 1965 580 2048 bellum
598 1968 719 2047 secuta
735 1965 801 2066 est,
833 1983 870 2047 et
888 1967 950 2049 cui
969 1970 1140 2056 intererat
1154 1980 1266 2062 Cice·

201 2139 272 2194 ro:
302 2127 387 2190 tum
406 2107 508 2186 enirn
527 2104 617 2186 levis
634 2121 710 2215 erat
724 2106 854 2187 acfere
867 2105 968 2189 nulla
981 2111 1129 2195 Romae
1147 2118 1265 2201 Oda-

201 2254 301 2334 viani
318 2251 523 2346 auctoritas,
555 2265 597 2329 ut
608 2214 805 2357 opiimatcs
817 2267 854 2328 et
884 2248 959 2357 ipse
991 2252 1124 2336 Cicero
1140 2258 1188 2339 de
1216 2288 1263 2345 eo

199 2390 407 2475 occidendo
426 2389 640 2496 cogitarent.
702 2387 831 2484 Quare
852 2388 1029 2496 Virgilius
1042 2392 1162 2477 dicere
1177 2415 1262 2482 tum

200 2532 249 2612 de
267 2530 332 2613 illo
350 2557 426 2612 non
441 2527 563 2638 potuit
578 2526 618 2606 id
635 2523 719 2612 Ecl.
746 2557 783 2609 1.
813 2530 919 2609 Deus
946 2526 1047 2631 nobis
1067 2530 1154 2616 haee
1184 2535 1262 2618 otia

187 2671 318 2781 fecit:
352 2696 474 2778 neque
494 2664 614 2746 istud:
646 2663 705 2746 hic
718 2662 820 2746 illum
841 2664 924 2745 vidi
928 2663 1114 2769 juvenem,
1142 2674 1260 2755 Meli.

199 2808 292 2910 boec,
320 2806 510 2919 quotannis
536 2804 698 2914 bissenos
713 2804 775 2886 cui
791 2803 910 2898 nollra
928 2804 1004 2886 dies
1030 2806 1173 2892 altaria
1180 2815 1259 2921 su-

197 2962 331 3034 mant:
360 2946 481 3057 potuit
500 2941 670 3026 verohac
688 2942 915 3053 Philippenfi
937 2945 1111 3030 divifione
1122 2990 1135 3047 3
1166 2978 1259 3034 cum

196 3091 327 3200 sejam
345 3090 571 3188 Odlavianus
604 3083 709 3168 Divi
742 3085 850 3196 Julii
887 3085 1009 3166 filium
1044 3090 1257 3200 appellaret,

197 3229 418 3335 summaque
436 3226 591 3334 polleret
604 3225 855 3304 triumviratus
872 3227 1099 3311 auctoritate.
1126 3231 1258 3313 Multo

198 3369 323 3448 minus
340 3363 482 3442 ferendi
500 3362 642 3442 Probus
662 3380 699 3440 et
717 3363 948 3470 Pomponius
979 3366 1145 3462 Sabinus,
1188 3373 1257 3479 qui

198 3504 238 3584 id
252 3501 299 3584 ad
317 3500 512 3580 Actiacam
531 3497 748 3577 divifionem
769 3499 949 3605 rejiciunt,
981 3520 1018 3581 ct
1042 3533 1186 3585 annum
1204 3509 1257 3590 U.

198 3645 247 3724 C.
266 3667 368 3756 7²3·
399 3640 501 3717 Cum
530 3636 670 3733 enimc
688 3637 868 3747 plerisque
885 3643 1061 3723 omnibus
1078 3646 1256 3755 Virgilia-

196 3810 266 3867 nae
279 3780 373 3859 vitae
383 3777 616 3889 scriptoribus
634 3795 779 3857 certum
810 3777 867 3879 fit,
897 3780 1072 3862 Bucolica
1098 3785 1258 3868 triennio

193 3919 265 4002 elle
279 3913 461 4028 perfetta3
489 3934 632 3996 certum
647 3916 751 4010 item,
772 3932 813 3994 ut
825 3942 918 3997 mox
931 3916 1253 4028 demonstrabitur,

195 4058 381 4167 Eclogam
392 4069 562 4164 quartam
579 4079 678 4135 anno
688 4055 740 4138 U.
759 4055 807 4140 C.
829 4083 930 4168 714.
958 4057 1128 4142 Pollione
1149 4064 1255 4145 Con-

194 4199 285 4300 sule,
312 4194 383 4281 effe
394 4194 552 4281 editam:
584 4195 943 4308 certumidquoque
955 4195 1173 4285 habendum
1184 4204 1256 4321 est‚·

1094 4340 1255 4451 spatium
