2948 5078
308 332 404 431 ,σο
540 322 872 427 RVmernrr
903 322 1186 434 Maioma

295 546 386 631 Nec
400 545 504 659 poffe
515 544 706 657 Argolicis
721 544 887 627 exscindi
904 548 1085 658 Pergama
1104 556 1212 657 telin3

295 686 441 770 Omnia
457 689 500 769 ni
517 702 685 801 repetant
700 684 827 796 Argis,
845 712 1066 797 numenque
1077 694 1272 798 reducant,

294 828 415 935 Qud
432 826 568 941 pelago
583 842 622 907 et
637 822 762 907 curvis
777 821 1096 912 securri-advexere
1108 835 1254 919 earinis.

294 968 349 1053 Et
364 994 468 1051 nuuc
478 965 582 1079 quod
598 963 732 1076 patriae
741 980 853 1045 vento
865 965 1003 1075 petiere
1016 968 1214 1079 Mycenas,
1289 977 1374 1065 180

293 1112 418 1193 Amne
429 1108 592 1218 deosque
607 1120 737 1215 param
755 1105 924 1207 comitet,
947 1108 1157 1224 pelagoque
1171 1117 1343 1201 remenso

295 1246 493 1359 Improvifi
514 1248 682 1329 aderunt.
707 1244 759 1327 ita
774 1245 910 1356 digerit
922 1252 1053 1334 omnia
1070 1253 1246 1344 Calchas.
1364 1278 1368 1291 “

294 1386 411 1469 Hauc
422 1414 493 1499 pro
510 1385 677 1471 Palladio
691 1385 840 1487 moniti,
859 1412 929 1496 pro
940 1392 1099 1474 numine
1112 1392 1224 1497 laeso,
1362 1456 1367 1471 .

294 1524 480 1637 Effigiem
494 1525 664 1627 stamere,
680 1526 785 1609 nens
803 1554 901 1637 quae
913 1528 1016 1612 triste
1028 1532 1159 1642 piaret.

295 1666 414 1753 Hauc
425 1687 554 1755 tamen
572 1668 797 1751 imolensem
813 1668 975 1755 calchas
987 1674 1154 1758 attollere
1165 1676 1311 1761 molem
1362 1694 1369 1701 '

294 1806 514 1891 Roboribus
532 1810 653 1908 textis,
671 1808 854 1919 coeloque
870 1810 1165 1921 educerejuiiit:
1285 1816 1337 1901 18
1342 1820 1371 1903 6

292 1944 493 2060 Nepecipi
512 1948 722 2059 portianut
737 1948 827 2030 duci
842 1948 884 2029 in
898 1954 1050 2032 moenia
1067 1952 1178 2062 poffit
1187 1991 1201 2055 3
1362 1986 1366 1995 ·

288 2088 390 2173 ¹Neu
403 2088 593 2202 populum
609 2089 764 2200 antiqua
776 2087 845 2201 sub
855 2087 1051 2199 relligione
1064 2092 1173 2174 tueri.

292 2226 403 2311 Nam
415 2230 445 2311 li
456 2228 575 2310 vestra
587 2256 721 2310 manua
735 2226 899 2310 viouffet
915 2228 1016 2311 dona
1029 2229 1225 2313 Minervae
1236 2266 1250 2329 t

290 2367 404 2450 Tum
422 2394 608 2477 magnum
631 2366 805 2467 exitium,
843 2366 950 2477 quod
977 2367 1020 2449 di
1044 2370 1148 2481 prius
1181 2396 1299 2453 omen
1324 2370 1369 2455 in

477 2506 602 2619 ipsum
686 2576 690 2583 .
711 2540 752 2585 .··
1283 2538 1370 2621 190

293 2650 542 2731 convertant!
559 2644 864 2756 Priamiimperio
872 2644 1155 2756 Phrygibusque
1163 2645 1351 2737 futurum.

297 2787 362 2866 Sin
376 2787 550 2867 manibus
562 2786 688 2867 vestris
701 2784 861 2866 vestram
874 2785 1086 2867 ascendiffet
1097 2787 1136 2865 in
1149 2786 1310 2884 urbcm3

184 2932 187 2937 ’
294 2926 409 3007 Ultro
425 2927 556 3008 Aliam
574 2954 715 3034 magno
735 2925 912 3035 Pelopeia
925 2926 972 3007 ad
993 2927 1143 3007 moenia
1160 2926 1261 3007 bello

293 3064 519 3165 Venturam,
534 3083 572 3147 et
588 3065 729 3146 nostros
751 3090 795 3144 ea
812 3063 887 3145 fata
907 3092 1059 3146 manere
1078 3082 1243 3174 nepotes.

293 3202 453 3285 Talibus
475 3204 624 3301 infidiis,
648 3202 860 3314 perjurique
878 3223 954 3284 arte
970 3204 1129 3300 Sinonis,
1287 3228 1369 3312 195

291 3344 530 3440 creditores,
561 3346 735 3453 captique
747 3342 855 3438 dolia,
872 3343 1118 3452 lacrymisque
1130 3342 1280 3440 coactis,

293 3487 403 3588 Qtos
420 3513 543 3596 neque
555 3485 735 3593 Tydides,
756 3511 826 3564 nec
841 3485 1044 3566 Lariffaeus
1056 3481 1239 3580 Achilles,

292 3626 388 3706 Non
400 3626 488 3707 anni
508 3628 687 3706 domuere
705 3625 851 3721 decem,
873 3653 951 3705 non
970 3622 1074 3703 mille
1089 3620 1248 3701 carinae.

292 3766 372 3845 Hic
383 3767 485 3846 aliud
499 3768 618 3874 majus
633 3765 772 3846 miseris
794 3762 991 3872 multoque
1011 3761 1253 3845 tremendum

294 3907 480 4014 Objieitur
491 3910 623 4015 magis,
635 3925 746 4012 atque
760 3905 973 4011 improvida
981 3906 1130 4013 peelora
1141 3901 1368 3982 turbat.2oo

292 4052 486 4145 Laocoon,
505 4048 638 4125 duetus
649 4047 833 4152 Neptuno
856 4044 951 4125 sorte
969 4044 1148 4141 sacerdos,

293 4190 498 4277 Sollemnes
515 4205 665 4268 taurum
686 4185 878 4296 ingentem
895 4184 1083 4269 mactabat
1099 4184 1148 4268 ad
1163 4211 1302 4381 arauE

1309 4327 1377 4383 cce
