2948 5078
224 423 227 428 ’
372 411 720 504 Buconrcn.
757 403 899 498 Ecn.
934 403 1017 504 IV.
1172 443 1232 539 ¹3

19 608 22 615 '
163 600 309 688 Pollio:
341 618 379 681 et
395 597 575 709 incipient
591 595 719 703 magni
738 593 938 703 procedere
956 595 1112 685 menses.

162 744 225 823 Te
245 743 352 838 duce,
373 739 490 849 liqna
504 754 657 818 manent
673 733 816 815 sceleris
829 734 980 844 vestigia
996 739 1124 840 nostri,

161 883 268 962 Irrita
289 897 465 992 perpetua
477 878 617 959 solvent
633 874 835 958 formidine
852 891 976 960 terras.
1150 934 1153 939 -

163 1021 230 1104 Ille
251 1024 384 1103 Deum
400 1017 703 1129 vitam-accipiet,
722 1014 903 1125 Divisque
917 1018 1058 1102 videbit
1179 1053 1237 1142 ¹5

162 1167 373 1247 Permixtos
386 1160 531 1258 heroas,
545 1178 582 1241 et
600 1159 674 1269 ipse
691 1157 876 1239 videbitur
893 1157 989 1245 illis:

161 1308 416 1416 Pacatumque
429 1322 530 1413 reget
547 1302 671 1412 patriis
689 1299 885 1381 virtutibus
898 1301 1045 1391 orbem.

162 1452 219 1529 At
228 1448 296 1526 tibi
308 1448 440 1556 prima,
455 1447 568 1554 puerl
601 1442 709 1523 nullo
724 1441 946 1524 munuscula
965 1446 1085 1546 cultu,

164 1584 337 1664 Errantes
352 1580 505 1662 hederas
522 1579 655 1690 paffim
671 1605 762 1660 cum
778 1578 932 1659 baccare
952 1581 1072 1683 tellus,

163 1724 365 1834 Mixtaque
385 1722 518 1803 ridenti
532 1719 711 1802 colocalin
723 1719 856 1800 fundet
869 1721 1040 1808 acantho.
1174 1757 1231 1817 20

163 1865 267 1975 lpsae
290 1865 383 1948 lacte
403 1863 566 1944 domurn
578 1860 736 1944 referent
748 1859 904 1942 distenta
919 1866 1083 1976 capellae

77 2080 80 2089 .
162 2005 313 2086 Ubera:
346 2032 414 2086 nec
425 2030 585 2113 magnos
596 2019 765 2082 metuent
781 2021 949 2082 armenta
965 2004 1102 2093 leones.

31 2192 36 2205 ι
162 2145 245 2255 Ipsa
257 2147 325 2227 tibi
339 2145 495 2226 blandos
508 2143 667 2225 fundent
677 2143 861 2224 cunabula
879 2143 999 2245 flores,

163 2284 324 2366 Occidet
341 2304 378 2365 et
396 2285 552 2394 serpens,
572 2300 609 2365 et
620 2283 733 2364 fallax
750 2280 867 2364 herba
884 2289 1016 2368 veneni

164 2424 347 2508 Occidet:
379 2422 571 2533 Allyrium
585 2423 698 2532 vulgo
716 2422 883 2504 nascetur
900 2454 1110 2518 amomum.
1174 2463 1198 2519 2
1205 2462 1231 2551 ς
1395 2497 1401 2513 ,

163 2563 219 2644 At
233 2563 345 2646 limul
357 2561 519 2645 heroum
535 2564 662 2644 laudes
672 2579 711 2641 et
726 2561 822 2641 facia
832 2564 991 2670 parentis

163 2703 252 2808 Jam
271 2702 402 2811 legere,
417 2720 455 2783 et
466 2731 562 2812 quae
580 2701 623 2781 srt
640 2699 776 2811 poteris
789 2701 1011 2808 cognoscere
1019 2705 1153 2787 virtus:

163 2841 279 2922 Molli
297 2843 492 2954 paullatim
507 2841 674 2924 flavescet
690 2869 845 2951 campus
863 2843 980 2943 arista,
1079 2843 1084 2854 ’

165 2981 389 3091 lncultisque
402 2982 536 3064 mbens
549 2981 725 3094 pendebit
738 2982 897 3063 sentibus
911 3014 996 3081 uva,

165 3119 216 3199 Et
232 3120 345 3202 durae
362 3150 520 3231 quercus
545 3120 729 3201 sudabunt
746 3120 885 3199 roscida
899 3123 1036 3202 mella:
1177 3153 1232 3233 30

146 3234 289 3342 ‘Pauca
302 3278 428 3342 tamen
445 3260 621 3341 suberunt
638 3256 774 3367 priscae
792 3257 942 3367 vestigia
955 3258 1107 3357 fraudis,

164 3399 273 3509 Qae
289 3419 428 3484 tentare
436 3399 596 3483 Thetim
612 3399 761 3495 ratibus,
780 3427 875 3508 quae
894 3399 1041 3511 cingere
1055 3401 1172 3483 muris

163 3543 328 3653 Oppida,
343 3572 438 3652 quae
449 3545 605 3652 jubeant
618 3539 740 3621 telluri
754 3538 933 3624 infindere
950 3543 1082 3628 sulcos.
1177 3555 1180 3558 ‘

164 3682 273 3764 Alter
291 3685 359 3766 erit
375 3704 461 3765 tum
473 3682 637 3796 Tiphys,
654 3700 691 3764 et
709 3683 821 3764 altera
841 3712 938 3792 quae
955 3684 1065 3765 vehat
1079 3687 1187 3794 Argo

165 3820 515 3910 Deledtonheroas:
537 3842 645 3907 erunt
658 3823 773 3905 etiam
791 3823 904 3905 altera
915 3825 1037 3925 b'ella3
1177 3857 1198 3937 3
1208 3852 1243 3938 5.

164 3965 295 4074 Atque
312 3967 447 4050 iterum
461 3968 508 4051 ad
517 3969 561 4071 T
562 3958 691 4085 rojam
705 3960 863 4074 magnus
876 3966 1042 4049 mittetur
1053 3965 1235 4050 Achilles.

164 4105 284 4205 Hinc,
303 4105 369 4186 ubi
381 4110 462 4216 jam
479 4082 626 4191 firmata*
637 4081 762 4188 virum
776 4128 812 4190 te
826 4102 1080 4206 seceritae‘tas,
1228 4170 1234 4178 .

164 4248 287 4335 Cedet
303 4266 340 4333 et
357 4246 433 4365 ipse
452 4251 546 4334 mari
560 4251 710 4336 vector:
742 4277 812 4334 nec
831 4250 977 4335 nautica
989 4250 1100 4362 pinus
1181 4287 1186 4296 ·

1070 4384 1239 4469 Mutabit
