2948 5078
296 397 362 516 48
486 391 535 483 Ρ.
572 389 838 484 Vrnorsrr
873 388 1144 487 Maronis

293 592 372 671 Ter
385 591 468 670 sunt
487 592 610 674 conati
627 593 817 700 imponere
837 592 942 671 Pelio
961 592 1091 672 Ossam

292 730 451 828 Scilicet,
466 752 577 844 atque
586 733 693 813 Offae
701 731 919 812 frondosum
926 732 1111 813 involvere
1120 733 1356 845 Olympum:

291 871 371 950 Ter
389 874 496 954 Pater
510 875 696 954 extrustos
716 870 857 978 disjecit
873 868 1032 951 fulmine
1051 890 1208 955 montes.

293 1013 460 1122 Septima
470 1013 552 1124 post
570 1013 758 1093 decimam
771 1009 875 1107 felix,
895 1028 933 1088 et
949 1037 1084 1119 ponere
1097 1013 1225 1110 vitem,

292 1153 344 1233 Et
358 1156 504 1263 prensos
521 1156 699 1235 domitare
714 1141 839 1249 boves,
853 1168 891 1230 et
904 1149 989 1231 licia
1002 1151 1096 1234 telae
1270 1156 1354 1264 285

291 1293 454 1372 Addere.
480 1321 578 1373 nona
590 1293 698 1401 fugae
712 1266 857 1388 melior,
872 1291 1052 1371 contraria
1064 1292 1183 1374 furtis.

291 1429 419 1524 Multa
438 1431 531 1511 adeo
549 1430 670 1539 gelida
691 1430 824 1510 melius
841 1429 876 1510 se
894 1433 1003 1509 none
1021 1430 1166 1529 dedere,

293 1575 375 1651 Aut
391 1598 481 1652 cum
496 1572 580 1652 Sole
598 1601 696 1654 novo
713 1590 825 1652 terras
839 1571 967 1651 irrorat
982 1573 1097 1656 Eous.

292 1710 419 1790 Nosse
439 1709 535 1790 leves
548 1711 682 1791 melius
700 1709 867 1818 stipulae,
884 1713 995 1789 nodie
1009 1711 1110 1792 arida
1119 1729 1222 1822 prata

292 1849 540 1931 Tondentur:
573 1854 699 1930 nostes
715 1849 834 1929 lentus
849 1876 926 1928 non
944 1848 1069 1929 deficit
1086 1850 1238 1931 humor.
1272 1877 1356 1963 290

293 1987 345 2066 Et
362 1991 517 2097 quidam
537 1990 632 2069 seros
648 1986 806 2096 hyberni
820 1986 865 2064 ad
882 1985 1032 2065 luminis
1050 1987 1153 2096 ignes

293 2127 502 2236 Pervigilat,
521 2127 691 2236 ferroque
709 2125 807 2205 faces
826 2123 978 2233 inspicat
996 2144 1117 2206 acuto.

292 2269 449 2366 Interea,
471 2270 628 2379 longum
648 2286 759 2349 cantu
778 2264 890 2346 solata
904 2266 1085 2366 laborem,

294 2397 444 2517 Asguto
465 2414 602 2519 conjux
621 2408 798 2520 percurrit
815 2406 960 2516 pectine
973 2409 1082 2490 telas:
1206 2400 1208 2404 ⁵

294 2549 505 2630 Autdulcis
523 2549 635 2630 musti
654 2548 828 2629 Vulcano
842 2547 1016 2656 decoquit
1033 2547 1249 2649 humorem,
1271 2577 1325 2662 29
1332 2581 1355 2664 5

294 2691 348 2770 Et
362 2691 461 2771 soliis
475 2690 617 2772 undam
630 2688 761 2799 trepidi
776 2688 968 2799 despumat
980 2688 1104 2771 aheni.

294 2831 351 2908 At
367 2830 574 2910 rubicunda
591 2831 702 2909 Ceres
716 2828 842 2908 medio
864 2827 1060 2910 succiditur
1077 2829 1190 2928 aestu,

295 2969 347 3048 Et
361 2971 486 3049 medio
500 2970 609 3049 tostas
622 2969 724 3049 aestu
743 2967 826 3048 terit
839 2995 921 3047 area
938 2967 1073 3078 fruges.

296 3107 435 3189 Nudus
448 3138 520 3207 ara,
535 3110 609 3190 sere
627 3107 766 3188 nudus:
799 3104 933 3213 hyems
947 3106 1077 3214 ignava
1091 3107 1237 3186 colono.

293 3248 509 3357 Frigoribus
525 3270 629 3358 parto
644 3247 822 3356 agricolae
833 3247 1055 3357 plerumque
1073 3249 1257 3343 fruuntur,
1274 3273 1358 3355 300

295 3387 509 3493 Mutuaque
527 3390 620 3466 inter
637 3386 673 3462 sc
693 3385 777 3462 laeti
796 3387 966 3465 convivia
979 3403 1119 3464 curant.

295 3524 432 3605 Invitat
444 3523 595 3634 genialis
610 3521 756 3630 hyems,
771 3524 948 3631 curasque
960 3524 1116 3605 resolvit.

295 3662 377 3743 Ceu
391 3665 525 3775 pressae
539 3663 718 3772 cumjam
736 3682 888 3773 portum
908 3666 1057 3773 tetigere
1073 3661 1227 3760 carinae,

296 3803 489 3911 Puppibus
504 3823 540 3883 et
553 3803 637 3884 laeti
649 3820 781 3881 nautae
795 3803 1001 3908 imposuere
1020 3828 1187 3881 coronas.
1273 3829 1359 3909 304

297 3943 369 4021 Sed
382 3960 509 4020 tamen
527 3958 563 4020 et
576 3968 730 4049 quernas
748 3939 898 4046 glandes
913 3958 996 4020 tum
1010 3942 1186 4049 stringere
1199 3956 1360 4049 tempus,

295 4085 348 4166 Et
365 4082 456 4163 lauri
468 4082 609 4180 baccas,
629 4079 837 4189 oleamque,
852 4101 1078 4191 cruentaque
1092 4102 1226 4191 myrta.

297 4228 412 4307 Tunc
431 4222 582 4333 gruibus
598 4219 744 4333 pedicas
757 4239 793 4303 et
805 4221 896 4303 retia
914 4248 1052 4330 ponere
1066 4224 1194 4316 cervis,
1223 4277 1227 4284 ·

1141 4354 1365 4462 Auritosque
