2948 5078
326 305 688 398 Gnosiorum
747 244 996 400 sarab·
1093 342 1155 435 41

97 507 363 617 vimineasque
372 505 487 587 trahit
497 525 623 605 crates,
633 507 738 615 juvat
749 532 854 602 arua;
869 535 990 615 neque
999 505 1135 622 illum9
1142 539 1166 622 ς

97 651 214 737 Flava
231 651 343 730 Ceres
362 645 438 726 alto
451 646 706 754 nequicquam
724 644 860 752 speslat
873 645 1063 755 Olympo:
1142 686 1143 691 ¹
1163 685 1179 759 j

99 794 152 875 Et
164 791 242 901 qui,
264 783 435 897 proscisso
449 813 545 895 quae
563 785 706 866 suscitat
723 812 883 892 aequore
897 803 1011 894 terga,
1051 863 1052 868 r
1167 791 1181 831 ’·

102 931 245 1013 Rursus
263 928 303 1009 in
316 927 515 1037 obliquum
534 926 636 1007 verso
652 928 861 1036 perrumpit
873 908 1003 1026 aratro,

103 1069 337 1173 Exercetque
354 1063 528 1173 frequens
545 1063 857 1171 tellurem,atque
878 1067 1036 1175 imperat
1052 1069 1158 1152 arvis.
1179 1170 1184 1177 Ι

104 1205 278 1286 Humida
297 1201 446 1282 solstitia
463 1220 574 1311 atque
588 1201 741 1310 hyemes
752 1221 852 1283 orate
866 1205 1018 1304 serenas,
1091 1237 1184 1315 roo·

104 1343 328 1454 Agricolae:
349 1340 519 1452 hyberno
540 1341 730 1423 laetiffima
749 1343 899 1452 pulvere
917 1346 1026 1445 farra,

104 1485 242 1565 Laetus
253 1510 353 1591 ager.
382 1481 488 1561 nullo
501 1454 650 1560 tantum
666 1482 703 1560 se
715 1482 839 1590 Mysia
856 1484 962 1564 cultu

106 1622 241 1729 jactat,
262 1636 300 1698 et
318 1617 393 1727 ipsa
411 1597 490 1698 suas
503 1618 682 1697 mirantur
696 1618 861 1727 Gargara
881 1621 1021 1709 messes.

107 1757 998 1867 Quiddicam,ja6i0quiseminecominusarva
1184 1866 1189 1873 ο

108 1899 326 2008 Insequitur,
337 1895 581 2005 cumulosque
592 1897 665 1977 ruit
674 1896 771 1977 male
778 1899 925 2007 pinguis
935 1909 1076 1999 arenae,
1093 1933 1142 1986 10
1150 1930 1188 2014 ς,

108 2036 254 2120 Deinde
271 2035 352 2116 satis
370 2032 530 2117 fluvium
547 2036 701 2132 inducit,
730 2037 897 2147 rivosque
918 2038 1135 2148 sequentes?
1185 2078 1189 2084 ·

31 2232 34 2236 Δ
109 2177 172 2274 Et,
186 2203 278 2256 cum
295 2171 444 2254 exustus
461 2201 547 2283 ager
564 2175 808 2256 morientibus
821 2176 958 2258 aestuat
977 2174 1115 2277 herbis,

110 2316 224 2409 Ecce,
247 2312 440 2423 supercilio
460 2313 586 2394 clivosi
599 2315 754 2396 tramitis
774 2319 915 2399 undam

57 2478 60 2482 ’
111 2458 246 2541 Elicit:
279 2454 341 2535 illa
353 2453 486 2536 cadens
503 2484 661 2538 raucum
683 2485 748 2566 per
765 2457 859 2538 levia
877 2487 1051 2541 murmur

112 2599 206 2680 Saxa
222 2576 308 2694 ciet,
330 2595 569 2706 scatebrisque
582 2596 720 2677 arentia
733 2612 914 2705 temperat
929 2627 1024 2678 arva.
1095 2628 1109 2680 r
1126 2628 1178 2682 ro

112 2739 229 2847 Qid,
246 2738 325 2847 qui,
344 2766 391 2818 ne
404 2739 561 2846 gravidis
574 2739 796 2848 procumbat
808 2736 955 2818 culmus
968 2737 1094 2835 aristis,

111 2877 319 2955 Luxuriem
333 2875 500 2984 segetum
517 2895 641 2957 tenera
655 2874 815 2984 depascit
833 2877 872 2955 in
892 2874 1018 2977 herba,
1070 2926 1073 2932 -
1189 2848 1193 2854 .

111 3015 215 3095 Cum
229 3016 396 3126 primum
414 3014 533 3094 sulcos
549 3030 707 3123 aequant
725 3013 820 3094 sata?
852 3017 991 3123 quique
1004 3015 1148 3124 paludis

114 3153 329 3235 collectum
346 3150 549 3233 humorem
566 3150 695 3230 bibula
712 3150 863 3229 deducit
878 3156 1007 3232 arena?

114 3293 329 3375 Praesertim
348 3292 495 3371 incertis
510 3291 537 3373 fi
551 3286 737 3370 mensibus
749 3289 868 3368 amnis
880 3287 1069 3369 abundans
1104 3319 1178 3403 115

115 3430 216 3530 Exit,
232 3451 269 3512 et
280 3431 443 3511 obducto
456 3430 528 3512 late
545 3445 645 3512 tenet
654 3430 783 3509 omnia
800 3427 905 3528 limo,

115 3568 227 3650 Unde
246 3598 355 3651 cavae
369 3571 497 3679 tepido
510 3570 641 3650 sudant
653 3567 813 3651 humore
831 3568 995 3654 lacunae.
1120 3574 1140 3587 ”

113 3710 201 3790 Nec
219 3727 345 3794 tamen
365 3710 476 3823 (haec
493 3737 586 3794 cum
600 3709 670 3790 siut
682 3708 973 3819 hominumque,
987 3712 1183 3820 boumque
1199 3688 1203 3694 ¹

300 3849 442 3931 labores

115 3981 307 4063 Versando
317 4003 453 4070 terram
473 3943 633 4100 experti)
650 3983 745 4068 nihil
757 3985 951 4098 improbus
965 3986 1084 4085 anser,
1136 3961 1146 4088 Ἀ

117 4123 423 4236 Strymoniaeque
435 4151 557 4242 gruea
574 4143 613 4209 et
628 4126 762 4211 amaris
776 4126 904 4210 intuba
915 4125 1031 4225 fibris,
1102 4152 1183 4209 rao
1238 4241 1241 4248 Ι

240 4290 241 4294 ‘
990 4259 1185 4357 Officiunt,
