2948 5078
323 319 677 419 Buconica,
714 313 851 410 an.
891 313 977 409 111.
1141 350 1199 444 ·9
1375 298 1380 311 “

123 528 185 610 Bis‘
206 521 307 602 venit
325 519 374 605 ad
391 517 605 613 maldram
624 515 734 596 binos
749 515 816 597 alit
829 516 942 599 ubere
956 517 1110 626 foetus)
1142 536 1198 636 30'

125 670 312 775 Depono:
344 680 388 739 tu
406 660 481 754 dic,
496 681 654 738 mecum
672 684 751 765 quo
764 660 919 768 pignore
939 678 1066 749 certes.

126 805 219 886 Me.
234 803 296 882 De
307 826 418 910 grege
432 796 636 878 nonausnn
649 796 854 904 quicquam
866 799 1051 909 deponere
1061 820 1203 891 tecum.

127 947 194 1028 Est
205 941 304 1025 mihi
317 967 482 1049 namque
494 938 602 1021 domi
618 953 734 1047 pater,
750 938 805 1019 est
820 939 951 1048 injusta
970 971 1151 1028 noverca:

129 1088 263 1196 Bisque
280 1085 341 1164 die
362 1098 560 1163 numerant
576 1080 693 1160 ambo
705 1106 832 1189 pecus,
854 1082 995 1166 alteret
1011 1084 1166 1172 hoedos.

130 1229 277 1333 Verum
295 1223 348 1319 id,
364 1220 467 1329 quod
475 1217 598 1301 multo
617 1235 694 1298 tute
713 1219 966 1327 ipse‘fatebere
979 1227 1112 1335 majus,
1146 1257 1167 1341 3
1176 1254 1201 1338 5

132 1363 294 1447 hisanire
308 1360 398 1441 libet
411 1360 590 1469 quoniam
607 1358 688 1457 tibi,
707 1360 840 1468 pocula
853 1360 994 1470 ponam

132 1501 289 1609 Fagina‚
309 1498 495 1577 caelatum
507 1497 623 1576 divini
634 1525 729 1604 opus
745 1496 1036 1591 Alcimedontis:

118 1645 258 1724 ·Lenta
275 1637 415 1747 quibus
431 1652 541 1715 torno
557 1631 661 1714 facili
674 1632 903 1743 superaddita
919 1644 1015 1743 vitis,

137 1777 306 1864 Diffusos
319 1773 456 1856 hedera
475 1771 582 1853 vestit
598 1771 758 1882 pallente
775 1781 985 1887 corymbos.

135 1923 181 2002 In
203 1916 329 1998 medio
346 1915 424 1995 duo
442 1914 556 2023 figna,
572 1913 731 1997 Conon:
762 1935 801 1997 et
816 1921 899 2027 quis
915 1922 990 2004 fuit
1005 1924 1123 2010 alter?
1148 1956 1207 2037 40

137 2057 336 2166 Descripsit
355 2055 460 2137 radio
473 2070 598 2135 totum
615 2055 681 2164 qui
698 2057 870 2163 gentibus
880 2061 1037 2146 orbem:

138 2203 334 2307 Tempora
351 2224 449 2305 quae
468 2192 615 2289 messor,
636 2223 732 2303 quae
748 2225 884 2280 curvus
900 2222 1019 2286 arator
1033 2202 1211 2292 habereta

139 2339 321 2423 Necdum
340 2335 411 2417 illis
426 2335 527 2418 labra
538 2334 702 2435 admovi,
722 2337 785 2427 sed
799 2343 948 2426 condita
961 2347 1074 2431 servo.

142 2483 232 2564 DA.
250 2480 303 2560 Et
320 2477 429 2558 nobis
449 2475 551 2558 idem
562 2476 791 2560 Alcimedon
804 2482 882 2563 duo
897 2486 1033 2593 pocula
1049 2489 1151 2586 fecit,

140 2624 191 2704 Et
209 2621 319 2705 molli
334 2619 548 2701 circumest
563 2619 664 2699 ansas
676 2620 872 2728 amplexus
885 2625 1062 2709 acantho:
1154 2658 1182 2735 4
1188 2657 1212 2741 ς

142 2763 370 2877 Orpheaque
388 2762 427 2842 in
446 2761 574 2844 medio
590 2761 725 2871 posuit,
742 2760 930 2875 sylvasque
950 2767 1152 2879 sequentes.

143 2903 326 2986 Necdum
342 2900 419 2981 illis
433 2900 534 2982 labra
554 2901 718 3000 admovi·
736 2901 798 2984 sed
818 2907 967 2987 condita
983 2909 1097 2993 serve.

97 3070 100 3079 ·
146 3046 185 3126 si
199 3045 248 3125 ad
259 3040 414 3125 vitulam
429 3043 579 3151 speslan,
595 3039 690 3122 nihil
708 3042 762 3120 est
779 3044 884 3148 quod
895 3047 1030 3152 pocula
1047 3049 1186 3130 laudes.

146 3186 274 3267 Meu.
313 3184 529 3290 Nunquam
558 3178 672 3258 hodie
704 3177 882 3287 effugies:
926 3184 1089 3286 veniam,
1120 3214 1221 3294 quo.

328 3349 498 3433 cumque
528 3319 680 3402 vocaris.

149 3467 290 3549 Audiat
306 3462 400 3546 haec
417 3481 567 3544 tantum
588 3460 647 3543 vel
665 3458 731 3570 qui
744 3460 864 3546 venit:
884 3491 983 3563 ecce,
1002 3464 1218 3556 Palaemon.

148 3609 326 3689 Efficiam
344 3603 497 3718 posthac
517 3633 564 3686 ne
578 3632 811 3713 quemquam
829 3634 919 3689 voce
936 3609 1092 3693 lacessas.
1165 3638 1216 3721 51

151 3749 244 3847 Da,
275 3746 381 3856 Q'n
411 3773 492 3855 age,
524 3744 552 3825 sa
569 3744 665 3853 quid
682 3743 822 3844 habes;
854 3747 894 3829 in
926 3776 990 3829 me
1009 3778 1117 3834 mora
1147 3780 1225 3832 non

337 3888 406 3966 erit
421 3885 510 3986 ulla,

153 4025 243 4107 Nec
263 4046 496 4137 quemquam
513 4024 648 4136 fugio:
679 4044 840 4125 tantum,
866 4027 985 4110 vicine
1009 4028 1227 4131 Palaemon,

157 4162 327 4248 Sensibus
342 4161 436 4248 haec
453 4166 553 4270 imis,
574 4194 632 4251 res
649 4167 702 4252 est
720 4194 796 4249 non
817 4196 940 4278 parva,
954 4196 1121 4280 reponas.

1149 4325 1229 4408 ΡΑ.
